4028 5710
611 440 667 523 32
756 393 849 499 Du
894 392 1251 496 Cnvsaoun
1298 382 1690 484 Annraettua

542 562 628 652 snus
650 571 668 672 )
691 564 860 674 primum
881 556 1031 643 illarum
1058 583 1141 666 quae
1162 552 1321 638 sanilam
1343 553 1598 659 virginitatem
1619 544 1904 654 custodientes,

541 683 580 759 in
633 677 758 757 rivatis
784 671 962 754 domibus
983 671 1153 777 degunt,
1178 692 1331 748 morum
1354 665 1621 770 optimorum,
1646 683 1687 740 et
1706 662 1902 746 virtutum

542 812 582 867 m
622 809 743 867 tatum
776 778 960 889 magistrae
983 813 994 860 s
1021 778 1222 859 secundum
1248 775 1482 869 viduarum,
1514 794 1644 874 quas,
1671 765 1699 848 li
1726 797 1817 852 vete
1840 776 1900 852 vi-

543 894 628 976 duae
647 895 753 989 sunt,
779 917 823 973 ut
847 887 959 974 sandi
980 886 1135 971 Davidis
1156 882 1280 968 verbis
1305 907 1481 978 utamur,
1507 874 1722 959 benedicens
1749 873 1898 960 beneda

540 1006 604 1084 xit
627 1006 841 1099 Dominus,
858 1024 1018 1108 quarum
1039 993 1238 1093 modestia,
1270 1018 1311 1073 et
1333 990 1570 1075 sandimona
1596 989 1805 1072 civitatibus
1828 995 1901 1072 uti

541 1112 666 1194 litates
687 1108 850 1192 afferunt
871 1105 1188 1216 quamplurimas:
1230 1105 1384 1184 tertium
1412 1127 1533 1206 genus
1556 1126 1688 1181 earum
1715 1125 1799 1206 quae
1820 1128 1898 1185 ma

541 1224 723 1302 trimonio
744 1217 878 1323 juniiae
903 1218 1021 1313 suut,
1048 1221 1086 1297 in
1114 1239 1272 1321 quarum
1308 1207 1571 1307 institutione,
1598 1235 1639 1291 et
1665 1209 1768 1294 reita
1792 1211 1898 1292 disci-

541 1329 666 1439 plina,
691 1328 894 1410 domorum
917 1350 1017 1434 pax,
1046 1348 1085 1406 et
1106 1320 1380 1429 tranquillitas,
1407 1344 1548 1426 magna
1571 1319 1757 1402 felicitatis
1784 1346 1897 1425 pars,

543 1434 740 1520 conllituta
763 1434 816 1519 est
839 1467 850 1517 a
877 1432 1109 1544 postremum
1145 1432 1295 1521 illarum
1331 1428 1557 1511 seminarum
1586 1433 1735 1534 quaein
1768 1457 1899 1513 mona-

538 1546 657 1639 sletiis
682 1549 785 1657 regis
825 1561 962 1653 regum
991 1541 1128 1626 Christi
1155 1540 1293 1650 sponsae
1326 1535 1508 1636 effeslae,
1537 1538 1801 1644 tranquillam,
1828 1545 1897 1622 im-

398 1739 415 1753 ,
542 1684 610 1737 mo
638 1662 763 1767 potius
787 1655 994 1763 angelicam
1021 1657 1165 1749 vitam,
1188 1649 1216 1732 ss
1243 1650 1386 1756 sapiunt
1409 1656 1429 1744 ,'
1452 1674 1570 1754 agunt
1601 1680 1613 1731 ε
1654 1651 1699 1730 ad
1729 1673 1894 1753 quatuos

541 1763 623 1850 ltaec
647 1765 872 1847 sentinarum
893 1788 1035 1872 genera
1063 1760 1199 1842 libellis
1226 1782 1390 1863 quatuor
1410 1757 1534 1839 italica
1561 1781 1636 1864 qua
1662 1763 1802 1841 utimur
1826 1758 1891 1841 lin·

542 1902 643 1980 gua,
669 1875 792 1956 censui
813 1872 1048 1956 scribendum
1075 1865 1176 1951 elle.
1202 1866 1361 1952 Duabus
1387 1866 1575 1949 sororibus
1597 1871 1693 1950 meis
1717 1867 1814 1950 duos
1838 1874 1891 1951 in·

540 1982 665 2093 scripsi
680 1983 861 2086 libellos,
892 1981 1052 2061 alterum
1073 1979 1237 2060 Donatae
1265 1974 1371 2073 mifi,
1397 2000 1481 2083 quoe
1507 1977 1733 2060 laudabilem
1761 1980 1891 2060 admo-

540 2093 635 2174 dum
668 2095 784 2175 vitam
817 2092 916 2200 apud
958 2087 1113 2170 fratrem
1149 2084 1316 2168 nostrum
1350 2088 1529 2167 loannem
1554 2086 1751 2196 Aloystum
1775 2092 1890 2192 vivit,

543 2202 770 2298 conciones,
798 2226 839 2282 et
861 2201 982 2282 divina
1008 2196 1248 2303 frequentans
1274 2194 1475 2291 officia,et
1495 2194 1618 2277 fratris
1643 2197 1694 2278 sui
1717 2196 1890 2295 filios,et

538 2312 634 2393 filias
660 2316 699 2391 in
735 2309 905 2395 dodisma
933 2303 1125 2388 christiana
1152 2331 1288 2413 magna
1316 2306 1458 2411 pietate
1485 2305 1660 2389 erudiens
1688 2340 1699 2391 s
1727 2305 1888 2389 alterum

537 2418 620 2500 tnist
641 2422 774 2503 Laurae
801 2421 920 2503 sorori
946 2421 1040 2498 item
1062 2439 1310 2521 meae,quam
1336 2438 1490 2495 mortuo
1512 2440 1617 2518 patre
1645 2421 1887 2514 meo,Geor·

538 2536 604 2638 gio
626 2529 1029 2625 Gradenico,erudito
1049 2533 1155 2620 viro,
1184 2551 1283 2605 nunc
1311 2527 1471 2630 egregio
1499 2525 1657 2606 senatori
1666 2531 1883 2621 ,martimo

539 2643 605 2718 nio
627 2636 840 2742 junxeram3
868 2636 1040 2730 mulieri,
1067 2659 1150 2739 quae
1175 2634 1386 2739 pudicitia,
1414 2629 1623 2730 modestia,
1651 2635 1884 2733 devotionis,

539 2768 582 2825 et
601 2749 785 2826 virtutum
808 2745 1010 2824 multarum
1032 2740 1207 2848 exempla
1229 2742 1360 2838 dedit,
1374 2767 1415 2821 et
1446 2741 1534 2823 dat.
1562 2744 1626 2824 Ad
1655 2747 1885 2827 Hadnanam

540 2854 801 2935 Contarenam
835 2853 884 2934 de
911 2853 1092 2934 viduitate
1118 2849 1257 2931 librum
1290 2851 1496 2951 miserant,
1520 2852 1624 2956 piam
1658 2853 1885 2953 mulierem,

538 2962 667 3044 socrus
696 2962 768 3045 suat
793 2963 944 3046 senioris
974 2959 1178 3043 Hadrianae
1211 2963 1484 3045 imitatricem.
1501 2955 1608 3043 ,Mill
1642 2959 1690 3040 ad
1718 2962 1886 3045 Venetas

537 3071 717 3154 mulieres
740 3072 881 3167 libros,
907 3098 973 3169 ut,
995 3068 1024 3151 fi
1049 3069 1231 3177 possem,
1260 3070 1491 3153 consulerem
1519 3065 1628 3149 stmul
1660 3068 1885 3157 Veronensi-

538 3180 631 3275 bus,
660 3208 699 3263 et
720 3182 880 3264 Venetis
914 3177 1165 3274 mulieribus,
1192 3206 1232 3260 ut
1253 3179 1417 3262 sattilum
1445 3182 1559 3261 etiam
1599 3179 1764 3260 imitarer
1796 3185 1884 3263 Am·

536 3286 740 3386 brosntm,
767 3315 805 3371 et
826 3290 1098 3384 Bernardum,
1124 3293 1188 3394 qui
1212 3291 1258 3371 ad
1285 3290 1430 3371 sorores
1456 3292 1541 3370 suas
1558 3284 1672 3367 libros
1702 3291 1885 3399 inscripse-

536 3423 647 3483 runt.
675 3398 737 3481 Ad
759 3402 942 3483 moniales
974 3398 1111 3481 librum
1134 3396 1282 3507 scripit,
1308 3397 1391 3479 illas
1417 3396 1509 3478 dum
1529 3391 1735 3503 visitarem3
1765 3424 1880 3505 quem

538 3535 628 3590 eunt
661 3512 697 3591 in
722 3510 891 3592 manibus
916 3516 1012 3618 l'aepe
1043 3507 1241 3606 habeant,
1270 3535 1347 3588 non
1379 3505 1648 3589 infrulluosum
1684 3507 1792 3591 suisse
1824 3538 1885 3592 au·

532 3617 632 3721 divi.

596 3754 660 3835 39.
687 3730 736 3809 Et
756 3730 890 3810 eadem
925 3726 1051 3832 lingua
1076 3728 1201 3827 italica
1223 3726 1345 3841 scripsi
1378 3727 1516 3810 librum
1540 3730 1590 3812 de
1618 3724 1881 3810 conscribenda

534 3833 984 3945 historia'ad'Aloystum
1017 3837 1315 3937 Contarunum,
1347 3843 1408 3919 cui
1436 3865 1573 3919 munus
1610 3835 1881 3921 scribendarum

537 3945 775 4032 historiarum
797 3947 1033 4029 Venetarum
1066 3945 1190 4032 fiterat
1214 3951 1396 4029 traditum
1420 4008 1430 4028 .
1457 3950 1518 4029 Ad
1543 3945 1742 4031 Nicolaum
1763 3947 1882 4026 etiam

535 4057 812 4152 Barbadicum,
841 4083 913 4164 qua
940 4059 1089 4140 tatione
1114 4058 1215 4138 Bailt'
1240 4085 1377 4138 munus
1402 4083 1474 4165 pro
1508 4057 1705 4165 republica
1736 4056 1882 4161 Byzan

537 4170 578 4243 tii
597 4167 833 4273 fungendum
856 4164 922 4247 fibi
946 4169 1063 4250 esset.
1090 4169 1288 4252 Rexerunt
1311 4163 1422 4247 ambo
1443 4167 1582 4249 eodem
1595 4192 1770 4277 tempore
1783 4162 1882 4246 banc

537 4276 724 4357 civitatem
746 4278 1181 4385 Veronensem,ptaetor
1210 4302 1328 4373 unus,
1342 4275 1542 4383 praesedius
1566 4277 1880 4374 alter,tuemota-

535 4379 599 4461 bili
623 4387 902 4483 concordia,et
926 4391 1007 4496 pari
1034 4412 1123 4467 curn
1144 4385 1277 4466 laude.
1303 4381 1442 4492 S'cl’lpfi
1466 4386 1592 4467 italica
1614 4385 1767 4493 lingua,
1790 4411 1879 4466 cum

536 4489 689 4604 regulas
721 4516 813 4599 quas
832 4497 1026 4603 Bembus,
1053 4520 1093 4580 et
1116 4494 1174 4581 alii
1203 4492 1336 4577 italicae
1358 4493 1495 4605 linguae
1525 4494 1787 4689 ⁰bs⁰¹vat⁰ffi<⁵1
1809 4520 1883 4579 tra·-

1787 4628 1825 4684 e.
