4028 5710
590 334 725 443 xviii
825 320 1575 433 TESTIMONIA.

538 528 574 568 ue
593 526 661 569 eum
681 502 849 565 ambitione
866 500 949 563 nihil
975 503 1018 559 rei
1034 498 1134 574 essct,
1148 516 1217 560 tam
1239 499 1349 561 celebri
1373 521 1416 580 po
1435 500 1481 566 ¹uli
1500 498 1667 576 concursu,
1697 519 1760 563 tam
1780 521 1880 583 prono

509 530 620 650 sarsore
641 589 739 665 excipi
759 581 886 664 potuisse
906 582 1091 646 aulicorum.
1135 580 1270 640 Tantum
1292 582 1342 641 illi
1358 583 1413 662 ph'
1526 600 1635 648 natura
1659 584 1807 645 indiderat
1836 586 1880 643 ad

517 690 608 752 genus
629 668 792 729 humanum
803 664 853 724 fibi
874 660 1229 741 demerendum.”1psunr
1258 662 1336 722 illud
1353 684 1392 729 ‚os
1411 723 1414 727 Δ
1434 665 1563 737 rubum,
1584 683 1730 745 caputque
1753 669 1877 744 praecoci

517 753 630 810 canitie
652 749 789 810 decorum
811 749 901 809 ctiam
923 743 1006 807 aluid
1026 760 1149 824 agentes
1165 744 1320 809 ‚excitabat
1336 745 1377 803 ,ad
1415 742 1696 805 uisenerationem.
1720 743 1804 804 Hinc
1827 744 1879 807 sa-

518 830 597 892 blum
624 847 660 889 ut
681 828 726 891 ad
753 825 938 893 cathedram
964 822 1050 890 ,Petri
1077 824 1237 889 riduaram
1272 822 1387 887 Vrbani
1417 825 1500 889 obitu
1530 828 1682 889 unanimis
1715 829 1877 886 meliorum

517 908 665 974 conseufio
681 909 775 971 illum
796 906 974 967 extolleret.
1012 904 1241 969 &nemetensi
1260 904 1415 964 tsnbavese
1436 906 1524 965 denus
1546 926 1705 984 paucorum
1727 906 1878 980 consilia,

516 992 589 1052 adeo
606 1013 672 1051 non
689 1011 766 1072 aegre
781 987 815 1055 id
838 985 951 1047 serente
973 985 1145 1061 Asgttstino,
1162 1003 1199 1052 ,ut
1219 1003 1294 1046 ,tunc
1315 984 1404 1045 semel
1431 1006 1467 1045 ex
1489 985 1608 1045 occursu
1621 984 1699 1046 visos
1715 987 1878 1049 leuissimis

519 1073 617 1137 verbis
638 1071 853 1151 compellarit,
868 1066 980 1127 habere
994 1065 1029 1127 rse
1051 1067 1114 1127 illis
1131 1069 1247 1148 gratias
1264 1070 1413 1127 maximas
1434 1065 1601 1146 profisius,
1617 1086 1745 1149 quonum
1761 1068 1880 1129 benefi.

519 1160 567 1216 cio
579 1174 722 1226 ,munere
742 1165 860 1215 ‚vacaret
882 1167 944 1212 tam
967 1145 1110 1220 sublimi,
1127 1166 1162 1207 et
1182 1144 1327 1218 oneroso,
1347 1163 1380 1205 ut
1397 1146 1562 1213 cilerendo
1581 1152 1680 1229 impar
1694 1148 1791 1212 esset.
1814 1148 1880 1213 Vbi

518 1255 598 1297 nunc
615 1251 734 1299 tantam
755 1228 989 1291 moderationem
1011 1232 1108 1287 animi
1129 1233 1265 1288 invenies
1285 1232 1316 1285 in
1338 1228 1460 1291 modica
1482 1226 1568 1287 sortis
1588 1229 1732 1301 hmine,
1761 1247 1873 1311 quanta

518 1318 552 1375 in
575 1317 708 1399 principe
724 1309 846 1374 ⁴senatus
862 1306 950 1374 suit?
983 1306 1106 1373 Exinde
1126 1307 1271 1395 propenso
1300 1313 1395 1389 magis
1425 1310 1516 1391 atque
1533 1310 1632 1388 magis
1653 1310 1759 1375 affrae
1787 1326 1876 1371 tanto

521 1392 737 1455 visorlslandirl
760 1389 846 1453 savos
861 1389 1043 1460 heusinum,
1065 1407 1095 1448 et
1112 1394 1144 1447 in
1165 1411 1203 1449 co
1219 1389 1359 1453 ornando
1379 1424 1391 1460 ,
1409 1386 1601 1469 fovendaque
1623 1394 1677 1448 vix
1699 1395 1805 1451 virtuti
1825 1415 1877 1452 ce-

521 1476 608 1536 dere.
629 1470 761 1537 'llidiffrs
782 1469 925 1536 celebrari
947 1472 1019 1527 edes
1034 1468 1130 1536 solito
1151 1467 1353 1550 frequentius:
1376 1469 1465 1528 illum
1486 1473 1627 1529 maximis
1649 1472 1686 1530 de
1707 1471 1791 1531 rebus
1802 1494 1876 1531 cotr-

522 1555 579 1618 suli
597 1553 774 1633 religionis:
805 1549 984 1611 Pontificem
1005 1552 1015 1605 i
1039 1548 1101 1607 sum
1118 1571 1183 1611 non
1195 1570 1297 1629 parum
1320 1551 1405 1608 illius
1427 1556 1527 1632 gratia
1547 1551 1677 1613 tribucre
1689 1552 1885 1631 ,plurimum

522 1634 712 1697 nulloritati.
734 1629 851 1724 Quibus
869 1630 928 1693 ille
940 1570 1087 1707 presens
1103 1631 1244 1711 adjutus,
1258 1634 1427 1689 innumeros
1444 1629 1491 1694 ¹sui
1513 1652 1656 1691 memores
1676 1634 1814 1695 merendo
1830 1632 1880 1693 se*

524 1712 700 1786 clt,sav‚ori
724 1730 794 1789 opes
816 1708 1030 1788 superaddens:
1074 1731 1113 1769 uas
1136 1712 1202 1769 ideo
1226 1710 1275 1768 illi
1299 1711 1456 1789 perampla
1474 1711 1545 1770 beni
1590 1716 1662 1771 itate
1676 1708 1741 1777 Dei
1762 1713 1880 1794 obtige-

524 1818 579 1868 re,
599 1812 632 1853 ut
654 1810 795 1871 pauperes
816 1789 995 1866 locupletem
1027 1732 1169 1849 siderent
1189 1788 1485 1872 trapezitamuude
1504 1813 1542 1852 ca
1558 1791 1645 1852 eliem
1667 1793 1879 1854 sarmentum

525 1878 643 1947 suram,
664 1872 739 1933 scito
760 1874 790 1929 in
814 1871 844 1929 id
865 1868 955 1933 nostri
977 1869 1127 1951 Augustini
1145 1873 1238 1951 joco,
1271 1876 1358 1952 quem
1380 1893 1397 1930 a
1419 1893 1468 1933 me
1488 1877 1520 1931 in
1549 1871 1697 1937 semiliari
1725 1876 1879 1956 colloquio

523 1972 679 2034 exceptum
688 1989 703 2025 ,
719 1951 865 2016 lediotum
887 1955 1035 2009 memorie
1050 1951 1284 2035 consignandum
1305 1952 1378 2012 duxi
1411 1951 1581 2013 bonafide.
1619 1951 1773 2014 'inciderat
1795 1955 1878 2017 forte

523 2040 537 2116 (
561 2054 594 2096 ut
617 2034 652 2095 fit
669 2035 687 2113 ι)
712 2035 825 2092 mentio
841 2031 882 2091 de
907 2028 1113 2096 ,ecclefiasticis
1130 2033 1310 2106 reditibus,
1337 2036 1444 2114 quibus
1468 2034 1608 2093 nonnulli
1637 2034 1798 2094 nostrorum
1823 2038 1880 2097 hoa

526 2122 641 2179 minum
665 2119 701 2180 iu
721 2110 851 2175 sunmsas
869 2132 943 2190 opes
961 2109 1165 2183 emerserunt,
1187 2134 1254 2173 curn
1275 2118 1438 2176 amicorum
1458 2114 1556 2185 unus,
1584 2117 1634 2195 qui
1647 2131 1727 2174 rtunc
1747 2114 1879 2178 semroni

526 2199 650 2269 aderat,
670 2198 718 2260 sir
735 2193 779 2257 sd
796 2195 1049 2263 remintentior,
1076 2191 1335 2271 jadlabuntlusait
1360 2219 1366 2254 ι
1399 2195 1464 2277 Ego
1485 2199 1580 2255 aureis
1602 2196 1647 2254 bis
1667 2197 1801 2257 millenis
1821 2216 1880 2257 an·

528 2284 594 2339 uuis
603 2278 619 2355 l
631 2297 732 2356 neque
751 2277 832 2334 enim
852 2271 948 2350 pluris
961 2270 1159 2332 sacerdotium
1179 2273 1362 2348 aestimatur,
1382 2277 1460 2356 quod
1475 2280 1510 2337 ,in
1527 2298 1545 2347 a¹
1565 2298 1598 2336 ro
1612 2274 1757 2340 :brixiano
1778 2279 1878 2341 habeo

529 2362 567 2419 ad
588 2358 693 2418 Pontis
715 2354 824 2415 Vicum
851 2353 864 2431 )
887 2352 1016 2434 sexagies
1037 2352 1161 2413 millena
1184 2352 1398 2434 superlucratus
1420 2358 1518 2421 heredi
1534 2296 1623 2421 dim:
1654 2380 1722 2421 cum
1740 2378 1777 2424 ‚tn
1795 2363 1880 2420 ‘intes

530 2444 586 2501 rim
604 2459 643 2497 ex
673 2437 807 2498 uberiori
829 2432 1094 2511 ,muisispartibus
1115 2453 1262 2513 proventu
1283 2458 1320 2495 ne
1341 2442 1506 2503 teruncium
1528 2442 1646 2517 quidem
1663 2439 1880 2522 tibiquasrsi-

530 2519 585 2580 lli.
632 2516 697 2575 Hic
718 2515 773 2573 ille
788 2514 944 2577 subridens
966 2515 979 2589 (
1003 2533 1035 2573 ut
1057 2533 1120 2573 erat
1138 2515 1259 2577 ¹remisso
1274 2518 1316 2581 sd
1333 2516 1519 2582 ,hilaritatem
1535 2522 1665 2598 animo)
1681 2519 1766 2582 liena
1790 2521 1880 2583 verba

532 2595 650 2679 queso,
667 2596 794 2672 iuquit,
813 2598 857 2653 nri
874 2594 987 2655 homo:
1010 2615 1068 2653 non
1092 2598 1160 2667 ita,
1171 2614 1205 2654 ut
1228 2616 1337 2676 putas,
1355 2602 1368 2656 i
1391 2603 1529 2672 naviter,
1546 2600 1706 2664 adversove
1727 2603 1879 2662 Mercano

531 2699 594 2739 tem
615 2674 683 2757 gelli
703 2678 808 2759 ,quin
826 2672 904 2741 ¹mihi
927 2676 1031 2754 ingens
1044 2680 1113 2735 auri
1131 2678 1184 2737 uis
1202 2680 1234 2734 in
1256 2620 1426 2741 nominibus
1448 2679 1585 2755 superfit:
1608 2682 1751 2761 simulque
1779 2683 1882 2743 calen-

528 2761 644 2821 darium
663 2774 791 2835 puerum
812 2751 974 2892 poposcit,
995 2759 1027 2813 in
1058 2777 1117 2836 quo
1138 2755 1251 2821 summa
1269 2754 1431 2836 perscripta
1453 2773 1514 2811 erat
1530 2759 1726 2832 expensarum
1756 2766 1786 2819 in
1809 2785 1878 2842 eges

527 2859 608 2911 uos,
629 2832 801 2916 quibuscum
816 2834 844 2898 ,il
860 2855 876 2892 e
893 2832 968 2893 solis
986 2840 1108 2897 nomina
1130 2834 1226 2899 facere
1244 2834 1383 2903 solebat,
1400 2849 1557 2911 proxeneta
1579 2852 1608 2892 et
1632 2834 1766 2913 sponsore
1786 2840 1880 2900 Chri·

529 2921 595 2989 sio,
618 2920 669 2997 qui
685 2937 768 2979 nunc
788 2919 820 2973 in
841 2914 980 2980 caelo2illi
1002 2915 1110 2977 sortem
1128 2937 1198 2975 cum
1219 2912 1411 2991 centumplici
1439 2910 1551 2973 soenore
1571 2932 1606 2970 ex
1638 2916 1775 2978 condiblo
1796 2920 1853 2981 luit
1866 2940 1878 2981 .·

529 2996 590 3067 His
610 2998 808 3059 mercimoniis
829 3000 962 3055 animum
978 3000 1115 3059 exercuit
1136 2995 1206 3053 dum
1225 2997 1303 3051 vixit
1327 3029 1338 3064 ,
1357 2992 1497 3055 ,tenuibus
1513 2992 1673 3069 salutaris,
1691 3001 1876 3080 principibus

530 3084 606 3143 siris
623 3098 707 3139 carus
729 3113 740 3148 ,
760 3078 882 3138 eruditis
903 3076 1110 3147 admirabilis,
1131 3072 1270 3135 omnibus
1299 3071 1455 3145 dilcdlus,
1486 3074 1661 3155 digniorque
1681 3075 1800 3141 habitus
1820 3104 1877 3155 naq

531 3159 651 3230 scente,
668 3178 760 3237 quam
778 3160 842 3237 ‘jam
874 3155 1038 3221 senescente
1058 3152 1226 3215 Christiana
1256 3157 1390 3230 pietate.
1423 3154 1525 3212 Saculi
1557 3174 1684 3237 namque
1713 3163 1790 3221 vitio
1811 3161 1877 3223 fieri

531 3243 695 3321 putarim,
715 3238 871 3319 quominus
897 3240 1037 3297 ,animum
1066 3234 1243 3295 ‘inducamus
1261 3234 1377 3293 inritati
1408 3254 1495 3312 quem
1527 3251 1589 3293 tam
1623 3234 1751 3299 libenter
1771 3242 1876 3302 lauda-v

531 3340 617 3389 W»
640 3320 788 3384 ,senuerat
814 3316 949 3385 famulus
969 3311 1031 3372 Dei
1053 3311 1200 3371 senedlute
1224 3312 1331 3385 uberi,
1362 3331 1392 3372 ct
1420 3314 1489 3373 caclo
1510 3336 1599 3395 quam
1632 3318 1717 3378 rebus
1738 3321 1878 3385 humanis

532 3404 674 3483 propior,
693 3399 870 3480 postremum
903 3400 959 3457 iter
973 3393 1178 3460 ,meditabatur
1196 3395 1235 3453 ad
1261 3393 1382 3465 beatos,
1403 3398 1475 3453 anni
1507 3393 1724 3459 LXXVII.
1746 3402 1873 3480 spatium

532 3480 683 3546 emensus„
716 3479 824 3543 Rebus
843 3498 914 3537 tunc
933 3474 1259 3545 malessdilabentibua,
1282 3478 1313 3532 in
1335 3474 1501 3535 febrim-ad
1528 3496 1692 3540 extremum
1712 3485 1819 3543 incidit
1839 3504 1877 3544 ert

532 3563 705 3645 aptitudine
720 3560 818 3626 aninsi
843 3557 1045 3615 contrabium:
1067 3558 1205 3633 quamsi
1226 3553 1400 3633 postremam
1429 3554 1514 3616 Deus
1533 3558 1593 3620 elle
1615 3561 1736 3635 volult,
1757 3584 1794 3622 ne
1814 3566 1876 3644 ejus

532 3643 628 3705 oculis
649 3642 801 3719 subjiceret
822 3654 885 3715 quae
920 3631 1087 3693 horrescens
1107 3632 1179 3713 sape
1210 3652 1309 3695 mente
1336 3637 1527 3700 revolvebat.
1557 3638 1692 3699 Obuium
1725 3648 1877 3725 negotium

532 3724 591 3786 fult
610 3722 788 3791 {christum
805 3714 1045 3779 sollicitudinum
1065 3733 1237 3777 etcurarum
1259 3715 1377 3780 cohorte
1397 3714 1560 3790 foederatus,
1573 3740 1676 3798 corpus
1688 3724 1878 3784 valetudine-¹

531 3810 633 3875 tium,
654 3795 825 3885 vigiliisque
846 3832 858 3868 ,
877 3813 913 3854 ac
941 3796 1063 3875 jejuniis
1091 3795 1255 3875 quassatum
1278 3795 1414 3868 ,frustra
1444 3803 1670 3860 contranitente·
1695 3805 1874 3865 medicorum

532 3907 612 3966 ope,
632 3898 817 3961 expugnare·
838 3874 956 3939 iamin
977 3877 1039 3936 dies
1060 3875 1160 3936 labare
1180 3881 1280 3947 vires,
1301 3876 1433 3936 hebetari
1453 3878 1603 3940 oculostun
1622 3886 1740 3955 aciem,
1761 3885 1878 3946 adven·

530 3969 625 4029 auris
641 3963 751 4026 mortis
769 3957 849 4040 figna
869 3976 1009 4036 apparere
1028 3978 1183 4027 emeres,
1204 3959 1312 4038 gaudio
1334 3978 1403 4021 sero
1424 3963 1555 4017 animum
1578 3960 1699 4040 gestire,
1711 3967 1758 4023 cui
1788 3968 1874 4026 indu·

533 4047 615 4108 biam
635 4041 715 4125 spem
734 4037 870 4104 Christus
888 4038 1023 4109 faceret,
1045 4041 1076 4097 in
1098 4037 1248 4099 beatorum
1273 4036 1451 4103 consortium
1467 4040 1551 4099 ,brevi
1572 4042 1738 4104 abiturum.
1772 4044 1874 4107 Multa

532 4128 548 4204 s
568 4126 724 4186 verborum
741 4158 753 4194 ,
770 4140 927 4201 rerumque
953 4123 1069 4196 copiam
1089 4117 1277 4198 philosophia
1299 4153 1310 4189 ,
1332 4135 1421 4199 atque
1441 4119 1610 4201 eloquentia
1638 4122 1876 4209 suppeditante)

533 4205 688 4265 conversus
708 4205 746 4263 ad
765 4208 878 4265 amicos
897 4196 1141 4270 circumstantes,
1161 4201 1198 4258 de
1215 4199 1445 4263 ,immortalitate
1466 4205 1665 4276 animorum,
1696 4205 1734 4267 de
1759 4213 1875 4291 piorum

481 4302 486 4308 ·
534 4289 658 4362 premiis
680 4283 831 4342 disseruit:
863 4303 923 4341 non
944 4300 1047 4357 parum
1079 4284 1112 4339 in
1132 4301 1232 4339 eorum
1254 4282 1358 4339 dolore
1377 4280 1557 4342 consolando
1585 4281 1757 4360 sermonis,
1788 4308 1877 4371 atque

531 4382 626 4443 opera
646 4361 796 4421 insumfit.
815 4360 965 4419 Omnibus
985 4360 1092 4424 deinde
1112 4361 1255 4431 dimissu,
1274 4377 1394 4442 repente
1412 4366 1446 4421 in
1464 4363 1623 4442 complexu
1644 4370 1760 4445 piorum
1786 4368 1877 4432 sacer.

531 4444 635 4505 dotum
656 4445 770 4500 exitum
794 4445 822 4500 ei
843 4439 963 4500 facilem
984 4445 1167 4520 precantium
1181 4476 1191 4512 ,
1204 4440 1339 4518 spiritum
1359 4440 1497 4503 efflavit.
1520 4442 1619 4506 Funus
1640 4451 1801 4529 equalibus
1863 4489 1877 4503 ·

530 4542 568 4588 se
588 4523 764 4607 populorum
786 4519 912 4596 studiis,
930 4540 961 4583 et
982 4524 1047 4603 pari
1068 4520 1240 4584 celebritate
1261 4541 1456 4604 procuratum
1477 4522 1608 4605 Roma,
1628 4525 1789 4604 ,Veneriisl
1818 4474 1878 4597 b'e·

1741 4634 1816 4675 {0112
1823 4657 1837 4681 ,ι
