4028 5710
620 361 649 440 8
750 336 842 441 Da
888 331 1241 435 Cnvrroua
1285 326 1674 429 Auuraanna

1883 454 1910 493 δ

549 516 673 603 aetatis
714 538 811 594 meae
843 507 1222 593 decimumoslavum'
1243 533 1394 616 agens,
1421 494 1634 590 orationem
1669 496 1793 697 scripsi
1830 498 1917 611 ejus

553 633 594 712 in
625 622 779 705 firnere.
804 622 927 701 virum
962 617 1178 701 liberalibus
1213 616 1410 726 disciplinis
1445 614 1699 712 instructum,
1752 618 1913 721 inguam

553 756 798 845 graecam,et
821 729 973 810 latinam
998 727 1196 813 callentem
1220 734 1396 837 optime,
1417 729 1539 832 quiin
1560 722 1726 831 epistolis
1747 722 1911 839 scribere

554 847 611 935 dis
623 845 827 926 Horatium
850 837 1007 927 feliciter
1030 835 1156 921 nostro
1179 836 1314 921 saeculo
1339 832 1392 917 est
1415 839 1604 930 imitatus,
1618 830 1808 941 probum,
1823 862 1911 919 can·

553 944 706 1049 didum,
732 954 769 1032 in
789 973 946 1033 amoeno
968 947 1114 1054 oppido
1136 946 1298 1029 Venetae
1321 942 1537 1050 reipublicae
1559 938 1724 1048 subjeilo
1746 942 1907 1028 Baffiani
1931 1042 1937 1055 .

553 1063 785 1164 natum,qui
810 1085 873 1141 me
894 1059 1006 1138 unice
1028 1057 1289 1148 dilexerat,et
1314 1056 1507 1160 ingenium
1533 1079 1662 1133 meum
1690 1050 1909 1158 qualecum-

554 1195 630 1275 que
665 1167 741 1263 est,
774 1169 903 1271 magni
933 1163 1058 1247 facere
1090 1162 1277 1244 interdum
1303 1186 1375 1267 pro
1392 1188 1541 1243 amore
1558 1165 1614 1245 ,in
1637 1186 1701 1241 me
1723 1164 1790 1245 suo
1818 1192 1906 1249 con·

554 1281 757 1371 sueverat,
792 1273 1020 1368 laudandum
1044 1273 1216 1378 suscepi.
1264 1271 1377 1367 Pius,
1402 1297 1446 1351 ut
1472 1275 1636 1379 opinor,
1662 1268 1768 1355 labor
1796 1300 1908 1363 meus
1989 1306 1995 1314 ·

554 1383 756 1492 juvenilis,
793 1408 833 1462 et
859 1382 1039 1490 probatus
1063 1379 1172 1462 bonis
1194 1381 1315 1483 viris,
1343 1407 1427 1463 nam
1451 1376 1654 1484 praestanda
1677 1381 1757 1463 sunt
1778 1384 1907 1469 omnia

542 1491 677 1575 officia
698 1495 736 1573 in
757 1515 1039 1600 praeceptores,
1065 1513 1150 1595 quae
1177 1488 1365 1570 debentur
1389 1487 1582 1596 patribus,
1610 1515 1697 1571 cum
1719 1491 1769 1570 de
1794 1490 1908 1575 nobis

549 1600 741 1683 laboribus
761 1601 855 1697 suis,
881 1625 921 1679 et
942 1601 1005 1681 sua
1034 1595 1209 1679 industria
1228 1601 1378 1705 optime
1401 1623 1640 1679 mereantur.
1669 1599 1709 1677 ln
1732 1595 1794 1682 illa
1815 1628 1905 1685 con-

553 1709 742 1793 scribenda
779 1712 953 1790 oratione
975 1709 1141 1787 imitatus
1177 1708 1432 1798 sumveteres
1455 1733 1623 1813 graecos.
1667 1711 1745 1788 cavi
1774 1734 1904 1793 autern

555 1822 750 1908 maxime,
777 1845 825 1899 ne
859 1817 997 1913 locos,
1024 1839 1120 1920 quos
1150 1814 1354 1896 avunculus
1375 1841 1481 1894 meus
1508 1819 1546 1897 in
1566 1815 1627 1897 sua
1651 1815 1904 1918 tradaverat,

557 1924 794 2009 transferrem
815 1929 855 2003 in
878 1952 1026 2005 meam.
1052 1926 1089 2006 id
1118 1928 1230 2004 etiam
1253 1921 1323 2007 feci
1345 1922 1565 2021 studiosius,
1588 1929 1672 2028 quia
1692 1926 1769 2032 ipse
1798 1924 1902 2010 lucu.

555 2034 736 2116 brationis
770 2031 866 2113 illius
900 2061 994 2113 meae
1033 2029 1183 2115 futurus
1214 2059 1295 2113 erat
1328 2033 1465 2136 judex.
1495 2058 1535 2112 et
1556 2037 1594 2116 in
1615 2034 1720 2115 Petri
1754 2034 1901 2137 Landi,

550 2146 677 2225 Marci
700 2146 853 2230 Antonii
876 2142 1080 2240 Trivisani,
1105 2168 1146 2222 et
1166 2142 1344 2233 Francisci
1370 2145 1514 2224 Donati
1537 2143 1778 2233 Venetorum
1799 2151 1901 2250 prin-

552 2257 681 2360 cipum
705 2250 854 2334 obitum
894 2249 1072 2332 funebres
1096 2256 1284 2333 orationes
1306 2256 1417 2332 etiam
1452 2248 1672 2360 conscripsi,
1699 2255 1899 2336 exercendi

546 2365 784 2468 ingenii,.et
806 2362 960 2446 acuendi
985 2357 1052 2463 stili
1077 2363 1225 2445 caussa.
1256 2361 1412 2442 Nullam
1441 2359 1576 2446 harum
1597 2364 1812 2443 orationum
1833 2362 1898 2444 ha·

554 2468 645 2552 bere
669 2474 748 2553 sum
771 2471 900 2566 ausus,
928 2472 1014 2575 quia
1038 2468 1101 2551 me
1125 2471 1347 2575 impeditum
1375 2469 1503 2577 lingua
1527 2473 1602 2551 esse
1626 2496 1899 2579 cognoveram,

546 2602 594 2657 ‚et
617 2607 692 2660 non
718 2575 929 2673 audebam,
955 2578 1066 2674 Silvi,
1093 2580 1276 2685 prodire,
1302 2603 1340 2657 et
1362 2578 1466 2683 ioqui
1495 2584 1533 2660 in
1562 2603 1664 2659 tanta
1685 2577 1895 2685 frequentia

552 2683 784 2769 hominum:
824 2684 1071 2779 admirabar,
1114 2692 1178 2788 qui
1214 2714 1300 2771 cnm
1324 2687 1435 2767 laude
1457 2691 1494 2768 id
1524 2688 1670 2795 possent
1697 2687 1893 2792 praestare.

483 2857 488 2866 .
553 2792 722 2875 Orbatus
743 2791 865 2875 fuerat
887 2820 1032 2900 magna
1052 2792 1128 2900 spei
1155 2792 1233 2879 filio
1255 2795 1406 2876 Marcus
1428 2800 1615 2885 Antonius
1640 2798 1895 2904 Genua,quo
1972 2888 1974 2891 ,

549 2900 728 3011 magistro
748 2906 785 2985 in
808 2900 1040 3014 philosophia
1064 2899 1229 2985 utebar:
1270 2904 1557 2987 consolatoriam
1580 2903 1736 3011 longam
1760 2927 1893 3009 quam.

552 3013 642 3093 dam
675 3010 867 3120 epistolam
890 3012 936 3092 ad
959 3039 1046 3093 eum
1067 3008 1191 3118 scripsi
1212 3068 1227 3108 ,
1270 3034 1383 3119 quam
1419 3040 1556 3120 magna
1577 3040 1625 3093 ex
1646 3036 1754 3121 parte
1781 3015 1893 3099 sumfi

551 3149 600 3201 ex
623 3150 672 3201 eo
695 3120 861 3218 libello,
900 3145 1015 3225 quem
1050 3118 1271 3204 Plutarchus
1298 3123 1345 3202 ad
1378 3123 1627 3230 Apollonium
1663 3119 1806 3231 scripsit
1841 3126 1891 3208 de

554 3230 829 3313 consolatione.
856 3228 916 3312 ilia
940 3233 1015 3338 ipsa
1040 3256 1152 3314 aetate
1172 3255 1248 3315 non
1268 3230 1350 3313 satis
1371 3256 1639 3331 matura,cunt
1666 3234 1801 3338 viginti
1825 3237 1891 3327 eir,

553 3344 648 3421 citer
671 3345 897 3447 attingerem
921 3368 1063 3423 annos.
1615 3428 1619 3434 ,
1880 3418 1885 3435 ,

518 3486 521 3491 >
605 3475 647 3550 9.
674 3452 785 3543 Hanc
803 3450 1026 3541 verissimam
1047 3453 1263 3535 sententiam
1284 3451 1332 3533 ad
1357 3455 1469 3547 animi
1495 3453 1822 3551 moderationem,
1849 3481 1890 3537 er

542 3561 630 3649 ¹vitae
654 3557 959 3659 tranquillitatem
980 3565 1164 3640 inanimo
1188 3563 1443 3667 impresseram
1468 3565 1790 3659 meo,carrrionem
1815 3587 1888 3641 rna-

544 3671 693 3744 -ximam
713 3662 781 3773 effe
791 3660 1034 3745 adhibendam
1054 3674 1094 3743 in
1117 3667 1264 3747 edendis
1285 3664 1413 3752 libris.
1435 3673 1525 3774 Qua
1548 3672 1596 3753 de
1610 3697 1654 3752 rc
1674 3699 1775 3753 nunc
1788 3672 1833 3753 ad
1848 3696 1890 3753 te

547 3774 690 3871 scribo,
718 3801 760 3856 ur
785 3774 995 3881 intelligant
1017 3778 1245 3881 quicumque
1271 3778 1374 3860 hunc
1400 3779 1594 3875 libellum,
1620 3805 1709 3860 cum
1736 3808 1783 3860 ex
1808 3777 1884 3860 hac

546 3886 622 3962 vita
643 3888 879 3990 migravero,
908 3884 1092 3989 legerint,
1121 3888 1211 3992 quid
1238 3915 1313 3997 ego
1345 3890 1421 3996 ipse
1445 3890 1494 3969 de
1517 3892 1610 3973 meis
1637 3888 1780 3997 scriptis
1812 3886 1890 3979 sera

533 3991 684 4077 'sesima
707 4017 800 4100 quas
820 3991 1048 4102 potissimum
1070 3994 1122 4076 ob
1145 3997 1282 4079 caussas
1306 4023 1364 4080 tot
1384 3998 1650 4105 scriptionibus·
1672 4002 1759 4103 vita
1781 4024 1888 4096 merc,

547 4100 712 4186 molesia
733 4102 844 4209 hujus
864 4108 1195 4212 peregrinationis,
1222 4131 1373 4216 tempus
1399 4107 1667 4214 transegerim.
1706 4106 1887 4218 impressa

548 4233 630 4287 erar
654 4218 765 4293 etiam
793 4215 861 4295 alia
897 4214 1077 4295 sententia
1109 4215 1234 4295 diuino
1271 4214 1456 4297 beneficio
1482 4242 1573 4297 meo
1600 4219 1639 4298 in
1664 4213 1817 4316 animo',
1842 4241 1889 4301 ut

544 4321 717 4398 omnium
739 4319 1069 4426 reprehensionem
1093 4350 1170 4405 non
1193 4321 1349 4406 moleste
1374 4325 1650 4428 admitterem,
1677 4333 1887 4411 communi·

544 4449 671 4507 carem
705 4425 815 4509 facile
838 4430 1183 4514 lucubratiunculas
1218 4459 1350 4533 meas,
1377 4434 1649 4519 monitionibus
1676 4442 1890 4521 amicorum
1991 4521 1994 4527 ,

1539 4612 1557 4623 ,
1648 4652 1651 4659 ⁴
1718 4546 1817 4633 dele·
