4028 5710
396 370 477 478 In
532 355 889 485 Ennnnss
945 383 1299 488 Linum.-
1375 429 1427 511 13

10 584 11 593 ¹
158 545 209 640 trr'
228 522 377 649 dicam,
401 548 493 634 tunc'
510 574 578 634 tne
598 550 740 657 aliquid
762 553 839 637 esse
861 554 1127 665 putavi-,qnod
1149 551 1268 633 audax
1294 550 1343 633 de
1365 578 1429 633 nte
1452 548 1508 654 ju-

158 666 304 746 dielu'm
327 652 405 743 non
427 660 570 744 multos
583 659 677 770 .posl
700 688 817 745 annos
836 664 1084 772 reprehendi.
1110 661 1211 746 Vide
1232 684 1413 793 quantum
1438 662 1509 738 mi-

155 766 327 854 ser'abilis
349 770 493 874 juvenis
512 768 607 851 mihi
628 768 697 879 ipss
722 772 932 882 sapiebam,
958 801 998 856 et
1024 772 1204 875 judicium
1225 796 1354 850 meum
1379 772 1510 874 quanti

159 879 368 963 faciebam:
394 880 540 989 sapiens
563 878 739 962 ordinum
773 883 943 963 nondum
968 877 1333 991 vigesimumsextum
1371 902 1509 958 annum

160 994 387 1097 attingens,
426 987 532 1067 ausus
568 988 645 1069 sum
682 994 873 1101 optimum
900 996 1126 1073 Senatorum
1150 985 1369 1093 effingere,
1407 985 1510 1065 indu·

158 1097 287 1184 llriam
316 1092 591 1200 praeslantislimi
623 1103 786 1181 oratoris
810 1102 1006 1183 Ciceronis
1031 1103 1231 1193 imitatus,
1268 1099 1332 1201 qui
1370 1092 1507 1175 librum

158 1208 354 1311 reliquit,
382 1207 447 1310 qui
478 1203 683 1288 inscribitur
722 1225 874 1292 orator.
913 1211 1117 1292 iuvenilem
1152 1207 1230 1313 ipse
1257 1200 1507 1311 agnoscebam

162 1315 356 1396 audaciam
386 1369 401 1408 ,
437 1336 549 1419 quam
572 1340 615 1396 ut
643 1320 891 1418 excusarem,
928 1320 1003 1401 dixi
1041 1347 1105 1402 me
1137 1311 1370 1396 sermonibus
1403 1313 1507 1392 Petri

156 1420 347 1503 francisci
360 1423 590 1520 Contareni,
603 1429 666 1529 qui
691 1427 817 1530 parsllo
839 1454 925 1510 ante
944 1432 1066 1533 evita
1089 1420 1374 1516 decesserat,et
1396 1447 1505 1500 avuna

160 1531 237 1613 culi
258 1533 360 1631 mei,
396 1530 512 1640 qtsetn
537 1554 644 1614 antea
663 1539 880 1630 nominavi,
904 1535 1074 1641 adjutum
1098 1534 1176 1614 esse
1203 1530 1431 1637 plurimum:
1457 1527 1505 1606 ab

155 1639 228 1721 illis
251 1645 376 1747 potius
411 1642 628 1749 accepisse,
656 1665 739 1748 quae
773 1641 927 1754 scripit.
956 1669 997 1723 et
1027 1667 1161 1723 revera
1195 1640 1351 1746 ingenio
1384 1633 1504 1716 indul-

156 1749 298 1856 gebam
329 1778 461 1846 meo,
497 1777 537 1833 et
573 1748 664 1833 nilsil
699 1756 737 1833 in
771 1777 851 1836 tota
886 1780 972 1834 mea
1007 1751 1253 1834 adolescentia
1285 1743 1498 1855 cogitabam

155 1858 297 1954 aliud,
336 1858 400 1941 nist
422 1861 643 1967 praeclarum
673 1860 813 1967 aliquid
848 1862 1043 1943 scribere.
1074 1861 1229 1943 Totum.
1251 1881 1402 1962 tempus
1431 1881 1499 1965 po

154 1967 295 2049 taebatn
328 1974 368 2049 in
405 1968 593 2050 bonorum
619 1965 804 2052 librorum
824 1971 1023 2067 leslione,
1060 1994 1102 2049 et
1128 1974 1166 2050 in
1189 1965 1384 2072 colloquiis
1407 1991 1497 2045 cum

156 2077 315 2158 eruditis
336 2078 450 2174 viris,
477 2083 699 2183 inquorum
722 2107 882 2164 numero
909 2104 991 2162 erat
1012 2077 1165 2159 Paullus
1187 2077 1403 2173 Manutius,
1424 2076 1496 2156 Ca-

154 2184 262 2267 'tolus
301 2188 502 2293 Sigonius,
528 2189 682 2271 loannes
706 2187 870 2294 Baptisla
895 2191 1088 2287 Rasarius3
1117 2212 1157 2268 et
1184 2210 1272 2265 ante
1291 2183 1409 2278 illos,
1437 2183 1498 2263 ad·

154 2295 316 2376 niodum
341 2296 578 2392 adolescens,
599 2298 784 2379 bernardi
808 2298 998 2392 Feliciani,
1022 2296 1166 2375 loannis
1185 2289 1359 2399 Baptistae
1378 2292 1498 2394 Egna-

154 2405 217 2497 tii,
246 2405 372 2485 lositae
391 2403 758 2512 Rapicii,Martialis
778 2407 895 2483 etiarn
916 2407 1051 2494 Rotae,
1065 2404 1131 2504 qui
1154 2399 1335 2479 doslrinae
1353 2400 1499 2502 opinio·

153 2536 244 2592 nem
271 2536 380 2591 erant
407 2511 622 2607 consecuti,
648 2509 879 2593 sermonibus
904 2507 1141 2609 deleslabar,
1169 2531 1209 2588 et
1229 2501 1501 2586 hortationibus

154 2619 203 2701 ad
230 2617 378 2699 labores
399 2618 645 2730 perferendos
671 2620 749 2700 suin
772 2621 965 2701 incensus.
1355 2632 1359 2641 '

216 2732 279 2809 16.
308 2726 430 2810 Ausus
449 2729 527 2810 siun
550 2733 771 2812 Senatorem
797 2727 1214 2833 describere‚judicium
1236 2723 1339 2811 ferre
1361 2724 1411 2807 de
1434 2728 1497 2808 Se·

150 2836 350 2935 natoribus
374 2837 539 2936 noslris,
567 2840 822 2938 Ciceronem,
850 2845 914 2947 qui
929 2840 989 2920 -de
1010 2840 1134 2922 Clanis
1157 2834 1389 2920 Oratoribus
1415 2837 1495 2916 scri·

151 2945 302 3054 pserat,
328 2952 516 3029 imitatus.
544 2947 667 3052 Hujus
688 2954 765 3031 mei
787 2976 970 3045 conatus,
992 2972 1040 3028 ne
1063 2953 1186 3031 dicam
1208 2945 1398 3041 audaciae,
1419 2972 1498 3027 non

151 3057 293 3135 multos
318 3054 402 3160 poll
420 3056 565 3137 menses
586 3058 649 3136 me
667 3059 779 3137 valde
801 3061 959 3164 puduit,
980 3081 1022 3137 et
1042 3056 1223 3162 judicium
1246 3051 1367 3148 illud,
1392 3052 1498 3159 quod

154 3160 351 3259 feceram,
376 3167 416 3244 in
437 3188 606 3243 extrema
630 3188 739 3269 parte
761 3165 846 3247 libri
867 3166 1098 3248 demendum
1123 3164 1270 3248 censui..
1299 3158 1411 3251 restat
1435 3162 1496 3243 ad·

154 3265 231 3350 ltuc
257 3270 431 3369 libellus,
459 3274 522 3374 qui
547 3270 757 3353 inscribitur
784 3283 933 3352 senator
955 3327 970 3367 ,
996 3296 1110 3376 quem
1135 3274 1249 3373 aliqui
1283 3267 1496 3378 pr'aellantes

156 3377 299 3482 judicio
321 3377 537 3459 sirivaldo
544 3377 827 3486 probaverunt.
854 3383 904 3460 Et
929 3378 1000 3457 illis
1021 3376 1107 3482 ipsis
1128 3376 1359 3470 diebus,·.ut
1379 3379 1497 3487 Aloy·

153 3482 213 3567 sto
241 3489 487 3585 Contareno,
510 3512 550 3567 et
571 3485 770 3568 Betnmdo
789 3484 919 3583 Zane,
944 3484 1141 3571 leuiffinn
1159 3483 1377 3592 juvenibus,
1405 3487 1496 3568 satis·

150 3591 346 3693 facerem,
373 3595 469 3678 duos
495 3594 646 3677 libellos
676 3594 897 3708 conscripsi,
925 3594 1085 3678 alterum
1120 3598 1168 3679 de
1193 3590 1331 3675 studiis·
1346 3593 1400 3671 in'·
1417 3597 1497 3702 qui-

151 3700 220 3785 bus
246 3706 419 3788 Venetus
456 3704 670 3789 adolescens
693 3706 923 3814 potiilimum
947 3705 1107 3788 deberet
1133 3698 1305 3801 uersaii,
1332 3701 1496 3783 alterutri

150 3815 201 3894 de
237 3813 403 3895 motibus
425 3819 487 3921 qui
518 3821 555 3898 in
578 3815 732 3898 Veneto
752 3815 970 3919 laudantur,
994 3842 1034 3897 et
1057 3812 1334 3899 describendis
1364 3807 1497 3919 episto*

152 3923 198 4003 lis
224 3924 272 4005 ad
299 3921 491 4006 Thomam
513 3926 809 4023 Contarenum,
834 3950 895 4007 ma
925 3952 982 4007 tsae
1008 3927 1084 4034 spei
1113 3923 1389 4011 adolescentem
1412 3977 1427 4016 ,
1452 3919 1495 4001 li·

150 4031 267 4114 brum
301 4033 552 4141 scripseram,
580 4032 744 4131 abesam
772 4035 820 4117 ad
846 3951 1083 4118 sabinianum
1113 4026 1493 4143 ejusdemssdmtliae,

145 4162 277 4249 quern·
291 4170 326 4239 ¹e
349 4141 458 4225 sonte
483 4143 575 4226 sacri
601 4142 1123 4256 baptismissuscepersm,
1150 4140 1297 4224 libellos
1321 4135 1494 4225 nosnos

144 4255 226 4332 sios
250 4275 325 4360 pro
355 4280 442 4336 mea
464 4276 604 4351 aetate,
624 4254 665 4335 et
687 4279 762 4365 pro
784 4276 915 4337 miore
944 4274 1023 4359 quo
1043 4278 1180 4333 nortun
1202 4248 1379 4332 familiam
1401 4252 1492 4363 prol

145 4358 349 4468 sequebar,
363 4365 426 4446 Ad
450 4364 700 4447 Laurentium
721 4363 889 4447 Priuluns
913 4386 977 4444 me
998 4382 1087 4442 natu
1108 4362 1394 4467 maurannus
1416 4386 1495 4441 nn·

144 4496 260 4576 gnam
287 4477 474 4563 obsutum
499 4477 686 4559 variatum
707 4469 1491 4657 exspellstionem'eneiraverst·,¹=olposuu

231 4616 234 4623 ’
1370 4599 1435 4653 um
1495 4586 1500 4601 ’
