<?xml version="1.0" encoding="UTF-8"?>
<!DOCTYPE html PUBLIC "-//W3C//DTD XHTML 1.0 Transitional//EN"
    "http://www.w3.org/TR/xhtml1/DTD/xhtml1-transitional.dtd">
<html xmlns="http://www.w3.org/1999/xhtml" xml:lang="en" lang="en">
 <head>
  <title>
</title>
<meta http-equiv="Content-Type" content="text/html;charset=utf-8" />
  <meta name='ocr-system' content='tesseract 3.04.00' />
  <meta name='ocr-capabilities' content='ocr_page ocr_carea ocr_par ocr_line ocrx_word'/>
</head>
<body>
  <div class='ocr_page' id='page_1' title='image "avgvstinivaleri00valigoog_0031.png"; bbox 0 0 4028 5710; ppageno 0'>
   <div class='ocr_carea' id='block_1_1' title="bbox 590 324 1615 473">
    <p class='ocr_par' dir='ltr' id='par_1_1' title="bbox 590 324 1615 473">
     <span class='ocr_line' id='line_1_1' title="bbox 590 324 1615 473; baseline -0.012 -3"><span class='ocrx_word' id='word_1_1' title='bbox 590 367 727 473; x_wconf 79' lang='lat' dir='ltr'><strong>xxiv</strong></span> <span class='ocrx_word' id='word_1_2' title='bbox 820 362 1033 467; x_wconf 76' lang='lat' dir='ltr'><strong>inu.</strong></span> <span class='ocrx_word' id='word_1_3' title='bbox 1101 324 1615 460; x_wconf 74' lang='lat' dir='ltr'><strong>otvscvr..</strong></span> 
     </span>
    </p>
   </div>
   <div class='ocr_carea' id='block_1_2' title="bbox 504 529 1881 3415">
    <p class='ocr_par' dir='ltr' id='par_1_2' title="bbox 554 529 1881 933">
     <span class='ocr_line' id='line_1_2' title="bbox 560 529 1881 619; baseline -0.005 -18"><span class='ocrx_word' id='word_1_4' title='bbox 560 539 728 619; x_wconf 83' lang='lat' dir='ltr'><strong>losophiam</strong></span> <span class='ocrx_word' id='word_1_5' title='bbox 767 532 898 597; x_wconf 72' lang='lat' dir='ltr'><strong>Veneno</strong></span> <span class='ocrx_word' id='word_1_6' title='bbox 937 529 1177 595; x_wconf 77' lang='lat' dir='ltr'><strong>adolescentibnr</strong></span> <span class='ocrx_word' id='word_1_7' title='bbox 1258 534 1295 591; x_wconf 85' lang='lat' dir='ltr'><strong>da</strong></span> <span class='ocrx_word' id='word_1_8' title='bbox 1324 532 1451 612; x_wconf 89' lang='lat' dir='ltr'><strong>quadam</strong></span> <span class='ocrx_word' id='word_1_9' title='bbox 1487 529 1699 594; x_wconf 80' lang='lat' dir='ltr'><strong>sententiarum</strong></span> <span class='ocrx_word' id='word_1_10' title='bbox 1733 532 1881 597; x_wconf 72' lang='lat' dir='ltr'><strong>variet&#39;tte</strong></span> 
     </span>
     <span class='ocr_line' id='line_1_3' title="bbox 559 609 1880 701; baseline -0.005 -20"><span class='ocrx_word' id='word_1_11' title='bbox 559 622 747 701; x_wconf 80' lang='lat' dir='ltr'>explicaret,</span> <span class='ocrx_word' id='word_1_12' title='bbox 772 617 923 697; x_wconf 82' lang='lat' dir='ltr'>inquibus</span> <span class='ocrx_word' id='word_1_13' title='bbox 945 616 1054 675; x_wconf 87' lang='lat' dir='ltr'><strong>sacram</strong></span> <span class='ocrx_word' id='word_1_14' title='bbox 1078 609 1178 674; x_wconf 88' lang='lat' dir='ltr'><strong>Theo·</strong></span> <span class='ocrx_word' id='word_1_15' title='bbox 1258 610 1422 685; x_wconf 86' lang='lat' dir='ltr'><strong>refertum,</strong></span> <span class='ocrx_word' id='word_1_16' title='bbox 1444 633 1461 671; x_wconf 86' lang='lat' dir='ltr'><strong>a</strong></span> <span class='ocrx_word' id='word_1_17' title='bbox 1484 613 1611 692; x_wconf 87' lang='lat' dir='ltr'><strong>Spetone</strong></span> <span class='ocrx_word' id='word_1_18' title='bbox 1643 615 1786 692; x_wconf 86' lang='lat' dir='ltr'><strong>Speronio</strong></span> <span class='ocrx_word' id='word_1_19' title='bbox 1810 635 1880 693; x_wconf 87' lang='lat' dir='ltr'><strong>pro-</strong></span> 
     </span>
     <span class='ocr_line' id='line_1_4' title="bbox 560 692 1877 781; baseline -0.014 -19"><span class='ocrx_word' id='word_1_20' title='bbox 560 701 672 781; x_wconf 80' lang='lat' dir='ltr'><strong>logiam</strong></span> <span class='ocrx_word' id='word_1_21' title='bbox 684 722 752 760; x_wconf 86' lang='lat' dir='ltr'><strong>cnm</strong></span> <span class='ocrx_word' id='word_1_22' title='bbox 774 695 969 775; x_wconf 78' lang='lat' dir='ltr'><strong>Philosophiae</strong></span> <span class='ocrx_word' id='word_1_23' title='bbox 990 694 1085 753; x_wconf 85' lang='lat' dir='ltr'><strong>studio</strong></span> <span class='ocrx_word' id='word_1_24' title='bbox 1108 716 1180 753; x_wconf 90' lang='lat' dir='ltr'><strong>con·</strong></span> <span class='ocrx_word' id='word_1_25' title='bbox 1261 692 1385 759; x_wconf 85' lang='lat' dir='ltr'><strong>batum.</strong></span> <span class='ocrx_word' id='word_1_26' title='bbox 1838 715 1877 755; x_wconf 86' lang='lat'><strong>22</strong></span> 
     </span>
     <span class='ocr_line' id='line_1_5' title="bbox 558 771 1880 861; baseline -0.003 -22"><span class='ocrx_word' id='word_1_27' title='bbox 558 782 737 861; x_wconf 79' lang='lat' dir='ltr'><strong>jungendam</strong></span> <span class='ocrx_word' id='word_1_28' title='bbox 750 777 824 849; x_wconf 87' lang='lat' dir='ltr'><strong>else,</strong></span> <span class='ocrx_word' id='word_1_29' title='bbox 841 776 993 836; x_wconf 81' lang='lat' dir='ltr'><strong>ostendit.</strong></span> <span class='ocrx_word' id='word_1_30' title='bbox 1015 773 1097 832; x_wconf 63' lang='lat' dir='ltr'><strong>olim</strong></span> <span class='ocrx_word' id='word_1_31' title='bbox 1110 772 1180 848; x_wconf 81' lang='lat' dir='ltr'><strong>sue-</strong></span> <span class='ocrx_word' id='word_1_32' title='bbox 1221 771 1391 832; x_wconf 88' lang='lat' dir='ltr'><strong>XXXVII.</strong></span> <span class='ocrx_word' id='word_1_33' title='bbox 1415 771 1465 832; x_wconf 87' lang='lat' dir='ltr'><strong>De</strong></span> <span class='ocrx_word' id='word_1_34' title='bbox 1484 774 1621 833; x_wconf 85' lang='lat' dir='ltr'><strong>utilitate</strong></span> <span class='ocrx_word' id='word_1_35' title='bbox 1632 795 1693 854; x_wconf 80' lang='lat' dir='ltr'><strong>quae</strong></span> <span class='ocrx_word' id='word_1_36' title='bbox 1716 773 1755 831; x_wconf 93' lang='lat' dir='ltr'><strong>ab</strong></span> <span class='ocrx_word' id='word_1_37' title='bbox 1777 777 1815 833; x_wconf 89' lang='lat' dir='ltr'><strong>iis</strong></span> <span class='ocrx_word' id='word_1_38' title='bbox 1826 781 1880 854; x_wconf 86' lang='lat' dir='ltr'><strong>qui</strong></span> 
     </span>
     <span class='ocr_line' id='line_1_6' title="bbox 554 852 1880 933; baseline 0 -19"><span class='ocrx_word' id='word_1_39' title='bbox 554 879 601 917; x_wconf 82' lang='lat' dir='ltr'><strong>re.</strong></span> <span class='ocrx_word' id='word_1_40' title='bbox 1144 872 1180 926; x_wconf 80' lang='lat'><strong>17</strong></span> <span class='ocrx_word' id='word_1_41' title='bbox 1263 853 1373 913; x_wconf 75' lang='lat' dir='ltr'><strong>Romae</strong></span> <span class='ocrx_word' id='word_1_42' title='bbox 1408 859 1515 915; x_wconf 69' lang='lat' dir='ltr'><strong>vivunt</strong></span> <span class='ocrx_word' id='word_1_43' title='bbox 1547 859 1658 933; x_wconf 78' lang='lat' dir='ltr'><strong>percipi</strong></span> <span class='ocrx_word' id='word_1_44' title='bbox 1690 852 1786 933; x_wconf 87' lang='lat' dir='ltr'><strong>potest</strong></span> <span class='ocrx_word' id='word_1_45' title='bbox 1807 891 1819 928; x_wconf 94' lang='lat'><strong>,</strong></span> <span class='ocrx_word' id='word_1_46' title='bbox 1840 855 1880 915; x_wconf 89' lang='lat' dir='ltr'><strong>ad</strong></span> 
     </span>
    </p>

    <p class='ocr_par' dir='ltr' id='par_1_3' title="bbox 514 930 1877 1090">
     <span class='ocr_line' id='line_1_7' title="bbox 514 930 1877 1017; baseline -0.002 -19"><span class='ocrx_word' id='word_1_47' title='bbox 514 937 638 998; x_wconf 85' lang='lat' dir='ltr'><strong>XXIV.</strong></span> <span class='ocrx_word' id='word_1_48' title='bbox 671 937 722 1001; x_wconf 84' lang='lat' dir='ltr'><strong>De</strong></span> <span class='ocrx_word' id='word_1_49' title='bbox 744 937 819 998; x_wconf 71' lang='lat' dir='ltr'><strong>rebla</strong></span> <span class='ocrx_word' id='word_1_50' title='bbox 839 933 1067 1017; x_wconf 82' lang='lat' dir='ltr'><strong>philosophandi</strong></span> <span class='ocrx_word' id='word_1_51' title='bbox 1090 940 1182 995; x_wconf 88' lang='lat' dir='ltr'><strong>ratio·</strong></span> <span class='ocrx_word' id='word_1_52' title='bbox 1259 930 1406 992; x_wconf 83' lang='lat' dir='ltr'><strong>Catulum</strong></span> <span class='ocrx_word' id='word_1_53' title='bbox 1437 932 1629 992; x_wconf 83' lang='lat' dir='ltr'><strong>Cardinalem</strong></span> <span class='ocrx_word' id='word_1_54' title='bbox 1658 932 1877 995; x_wconf 76' lang='lat' dir='ltr'><strong>Borromaeunn.</strong></span> 
     </span>
     <span class='ocr_line' id='line_1_8' title="bbox 555 1011 1693 1090; baseline -0.006 -14"><span class='ocrx_word' id='word_1_55' title='bbox 555 1041 591 1078; x_wconf 89' lang='lat' dir='ltr'><strong>ne</strong></span> <span class='ocrx_word' id='word_1_56' title='bbox 614 1017 700 1077; x_wconf 83' lang='lat' dir='ltr'><strong>Libri</strong></span> <span class='ocrx_word' id='word_1_57' title='bbox 722 1019 799 1078; x_wconf 92' lang='lat' dir='ltr'><strong>duo.</strong></span> <span class='ocrx_word' id='word_1_58' title='bbox 821 1015 892 1075; x_wconf 78' lang='lat' dir='ltr'><strong>editi</strong></span> <span class='ocrx_word' id='word_1_59' title='bbox 914 1021 980 1072; x_wconf 84' lang='lat' dir='ltr'><strong>item</strong></span> <span class='ocrx_word' id='word_1_60' title='bbox 993 1014 1082 1090; x_wconf 81' lang='lat' dir='ltr'><strong>sunt.</strong></span> <span class='ocrx_word' id='word_1_61' title='bbox 1106 1014 1178 1073; x_wconf 87' lang='lat' dir='ltr'><strong>ibid.</strong></span> <span class='ocrx_word' id='word_1_62' title='bbox 1261 1034 1294 1070; x_wconf 80' lang='lat' dir='ltr'><strong>ex</strong></span> <span class='ocrx_word' id='word_1_63' title='bbox 1312 1011 1488 1084; x_wconf 74' lang='lat' dir='ltr'><strong>Ambrossana</strong></span> <span class='ocrx_word' id='word_1_64' title='bbox 1508 1012 1693 1072; x_wconf 73' lang='lat' dir='ltr'><strong>Bibliotheca,</strong></span> 
     </span>
    </p>

    <p class='ocr_par' dir='ltr' id='par_1_4' title="bbox 514 1090 1877 1336">
     <span class='ocr_line' id='line_1_9' title="bbox 514 1090 1876 1158; baseline -0.001 -1"><span class='ocrx_word' id='word_1_65' title='bbox 514 1096 621 1157; x_wconf 84' lang='lat' dir='ltr'><strong>XXV.</strong></span> <span class='ocrx_word' id='word_1_66' title='bbox 654 1096 706 1158; x_wconf 88' lang='lat' dir='ltr'><strong>De</strong></span> <span class='ocrx_word' id='word_1_67' title='bbox 724 1096 918 1157; x_wconf 82' lang='lat' dir='ltr'><strong>conficiendis</strong></span> <span class='ocrx_word' id='word_1_68' title='bbox 945 1095 1178 1155; x_wconf 79' lang='lat' dir='ltr'><strong>CommentariIs</strong></span> <span class='ocrx_word' id='word_1_69' title='bbox 1220 1090 1407 1153; x_wconf 81' lang='lat' dir='ltr'><strong>XXXVIII.</strong></span> <span class='ocrx_word' id='word_1_70' title='bbox 1439 1092 1646 1154; x_wconf 89' lang='lat' dir='ltr'><strong>Consolatoria</strong></span> <span class='ocrx_word' id='word_1_71' title='bbox 1677 1095 1717 1153; x_wconf 89' lang='lat' dir='ltr'><strong>ad</strong></span> <span class='ocrx_word' id='word_1_72' title='bbox 1739 1096 1876 1156; x_wconf 86' lang='lat' dir='ltr'><strong>eumdem</strong></span> 
     </span>
     <span class='ocr_line' id='line_1_10' title="bbox 552 1172 1874 1257; baseline -0.003 -19"><span class='ocrx_word' id='word_1_73' title='bbox 552 1178 831 1249; x_wconf 81' lang='lat' dir='ltr'>Commentarius,</span> <span class='ocrx_word' id='word_1_74' title='bbox 872 1182 903 1236; x_wconf 91' lang='lat' dir='ltr'><strong>in</strong></span> <span class='ocrx_word' id='word_1_75' title='bbox 936 1196 995 1257; x_wconf 87' lang='lat' dir='ltr'><strong>quo</strong></span> <span class='ocrx_word' id='word_1_76' title='bbox 1039 1175 1111 1233; x_wconf 89' lang='lat' dir='ltr'><strong>ordo</strong></span> <span class='ocrx_word' id='word_1_77' title='bbox 1144 1179 1176 1234; x_wconf 88' lang='lat' dir='ltr'><strong>iu</strong></span> <span class='ocrx_word' id='word_1_78' title='bbox 1261 1180 1292 1232; x_wconf 90' lang='lat' dir='ltr'><strong>in</strong></span> <span class='ocrx_word' id='word_1_79' title='bbox 1313 1173 1446 1233; x_wconf 76' lang='lat' dir='ltr'><strong>Pederici</strong></span> <span class='ocrx_word' id='word_1_80' title='bbox 1470 1174 1571 1233; x_wconf 82' lang='lat' dir='ltr'><strong>statris</strong></span> <span class='ocrx_word' id='word_1_81' title='bbox 1593 1172 1716 1236; x_wconf 91' lang='lat' dir='ltr'><strong>sunere.</strong></span> <span class='ocrx_word' id='word_1_82' title='bbox 1802 1176 1874 1237; x_wconf 85' lang='lat' dir='ltr'><strong>ibid.</strong></span> 
     </span>
     <span class='ocr_line' id='line_1_11' title="bbox 553 1252 1877 1336; baseline 0 -19"><span class='ocrx_word' id='word_1_83' title='bbox 553 1260 711 1330; x_wconf 81' lang='lat' dir='ltr'><strong>scientiis,</strong></span> <span class='ocrx_word' id='word_1_84' title='bbox 732 1278 763 1318; x_wconf 90' lang='lat' dir='ltr'><strong>et</strong></span> <span class='ocrx_word' id='word_1_85' title='bbox 784 1257 898 1319; x_wconf 81' lang='lat' dir='ltr'><strong>artibus</strong></span> <span class='ocrx_word' id='word_1_86' title='bbox 925 1256 1083 1336; x_wconf 79' lang='lat' dir='ltr'><strong>indagatur</strong></span> <span class='ocrx_word' id='word_1_87' title='bbox 1106 1291 1116 1325; x_wconf 91' lang='lat'><strong>,</strong></span> <span class='ocrx_word' id='word_1_88' title='bbox 1138 1256 1175 1315; x_wconf 92' lang='lat' dir='ltr'><strong>ad</strong></span> <span class='ocrx_word' id='word_1_89' title='bbox 1218 1252 1377 1314; x_wconf 89' lang='lat' dir='ltr'><strong>XXXIX.</strong></span> <span class='ocrx_word' id='word_1_90' title='bbox 1399 1252 1498 1314; x_wconf 67' lang='lat' dir='ltr'><strong>Sanni</strong></span> <span class='ocrx_word' id='word_1_91' title='bbox 1524 1254 1627 1314; x_wconf 77' lang='lat' dir='ltr'><strong>Basilii</strong></span> <span class='ocrx_word' id='word_1_92' title='bbox 1662 1253 1815 1316; x_wconf 82' lang='lat' dir='ltr'><strong>Libellum</strong></span> <span class='ocrx_word' id='word_1_93' title='bbox 1838 1260 1877 1317; x_wconf 89' lang='lat' dir='ltr'><strong>de</strong></span> 
     </span>
    </p>

    <p class='ocr_par' dir='ltr' id='par_1_5' title="bbox 555 1334 1875 1417">
     <span class='ocr_line' id='line_1_12' title="bbox 555 1334 1875 1417; baseline 0 -19"><span class='ocrx_word' id='word_1_94' title='bbox 555 1339 617 1398; x_wconf 83' lang='lat' dir='ltr'><strong>Alo</strong></span> <span class='ocrx_word' id='word_1_95' title='bbox 641 1339 711 1398; x_wconf 80' lang='lat' dir='ltr'><strong>sium</strong></span> <span class='ocrx_word' id='word_1_96' title='bbox 728 1338 953 1397; x_wconf 75' lang='lat' dir='ltr'><strong>Centaretum.</strong></span> <span class='ocrx_word' id='word_1_97' title='bbox 1099 1336 1170 1393; x_wconf 90' lang='lat' dir='ltr'><strong>ibid.</strong></span> <span class='ocrx_word' id='word_1_98' title='bbox 1257 1334 1444 1415; x_wconf 69' lang='lat' dir='ltr'><strong>virginitate</strong></span> <span class='ocrx_word' id='word_1_99' title='bbox 1471 1371 1483 1408; x_wconf 95' lang='lat'><strong>,</strong></span> <span class='ocrx_word' id='word_1_100' title='bbox 1514 1338 1545 1393; x_wconf 88' lang='lat' dir='ltr'><strong>in</strong></span> <span class='ocrx_word' id='word_1_101' title='bbox 1578 1336 1704 1394; x_wconf 85' lang='lat' dir='ltr'><strong>latinam</strong></span> <span class='ocrx_word' id='word_1_102' title='bbox 1741 1338 1875 1417; x_wconf 82' lang='lat' dir='ltr'><strong>linguam</strong></span> 
     </span>
    </p>

    <p class='ocr_par' dir='ltr' id='par_1_6' title="bbox 516 1361 1873 1498">
     <span class='ocr_line' id='line_1_13' title="bbox 516 1361 1873 1498; baseline 0.003 -22"><span class='ocrx_word' id='word_1_103' title='bbox 516 1361 638 1476; x_wconf 58' lang='lat' dir='ltr'><strong>XXVI</strong></span> <span class='ocrx_word' id='word_1_104' title='bbox 677 1416 828 1498; x_wconf 80' lang='lat' dir='ltr'><strong>Dialogus</strong></span> <span class='ocrx_word' id='word_1_105' title='bbox 851 1418 887 1475; x_wconf 91' lang='lat' dir='ltr'><strong>de</strong></span> <span class='ocrx_word' id='word_1_106' title='bbox 902 1412 1102 1486; x_wconf 81' lang='lat' dir='ltr'><strong>Ambitione,</strong></span> <span class='ocrx_word' id='word_1_107' title='bbox 1134 1415 1171 1473; x_wconf 92' lang='lat' dir='ltr'><strong>ad</strong></span> <span class='ocrx_word' id='word_1_108' title='bbox 1256 1434 1369 1474; x_wconf 82' lang='lat' dir='ltr'><strong>vertere</strong></span> <span class='ocrx_word' id='word_1_109' title='bbox 1395 1420 1484 1493; x_wconf 82' lang='lat' dir='ltr'><strong>toepit</strong></span> <span class='ocrx_word' id='word_1_110' title='bbox 1502 1437 1581 1475; x_wconf 88' lang='lat' dir='ltr'><strong>anno</strong></span> <span class='ocrx_word' id='word_1_111' title='bbox 1607 1421 1691 1486; x_wconf 81' lang='lat'><strong>1562.</strong></span> <span class='ocrx_word' id='word_1_112' title='bbox 1712 1415 1873 1480; x_wconf 79' lang='lat' dir='ltr'><strong>Gulielmo</strong></span> 
     </span>
    </p>

    <p class='ocr_par' dir='ltr' id='par_1_7' title="bbox 507 1494 1872 1568">
     <span class='ocr_line' id='line_1_14' title="bbox 507 1494 1872 1568; baseline -0.001 -10"><span class='ocrx_word' id='word_1_113' title='bbox 507 1538 510 1543; x_wconf 66' lang='grc'><em>»</em></span> <span class='ocrx_word' id='word_1_114' title='bbox 556 1497 699 1558; x_wconf 84' lang='lat' dir='ltr'><strong>Ioannem</strong></span> <span class='ocrx_word' id='word_1_115' title='bbox 717 1496 881 1558; x_wconf 81' lang='lat' dir='ltr'><strong>Grittum·</strong></span> <span class='ocrx_word' id='word_1_116' title='bbox 1137 1494 1171 1552; x_wconf 80' lang='lat' dir='ltr'><strong>rt</strong></span> <span class='ocrx_word' id='word_1_117' title='bbox 1260 1495 1469 1558; x_wconf 82' lang='lat' dir='ltr'><strong>Protonotatio</strong></span> <span class='ocrx_word' id='word_1_118' title='bbox 1501 1496 1609 1555; x_wconf 81' lang='lat' dir='ltr'><strong>Sirleto</strong></span> <span class='ocrx_word' id='word_1_119' title='bbox 1641 1497 1800 1568; x_wconf 78' lang='lat' dir='ltr'>hortante,</span> <span class='ocrx_word' id='word_1_120' title='bbox 1823 1497 1872 1558; x_wconf 88' lang='lat' dir='ltr'><strong>sed</strong></span> 
     </span>
    </p>

    <p class='ocr_par' dir='ltr' id='par_1_8' title="bbox 515 1573 1875 1971">
     <span class='ocr_line' id='line_1_15' title="bbox 515 1573 1870 1657; baseline -0.003 -17"><span class='ocrx_word' id='word_1_121' title='bbox 515 1576 654 1640; x_wconf 88' lang='lat' dir='ltr'><strong>XXVII.</strong></span> <span class='ocrx_word' id='word_1_122' title='bbox 676 1577 812 1657; x_wconf 85' lang='lat' dir='ltr'><strong>Epistola</strong></span> <span class='ocrx_word' id='word_1_123' title='bbox 839 1596 901 1656; x_wconf 81' lang='lat' dir='ltr'><strong>qua</strong></span> <span class='ocrx_word' id='word_1_124' title='bbox 922 1576 1062 1634; x_wconf 72' lang='lat' dir='ltr'><strong>laudatur</strong></span> <span class='ocrx_word' id='word_1_125' title='bbox 1085 1573 1176 1633; x_wconf 89' lang='lat' dir='ltr'><strong>Liber</strong></span> <span class='ocrx_word' id='word_1_126' title='bbox 1259 1575 1418 1635; x_wconf 79' lang='lat' dir='ltr'><strong>versionem</strong></span> <span class='ocrx_word' id='word_1_127' title='bbox 1444 1574 1644 1655; x_wconf 78' lang='lat' dir='ltr'><strong>imperfebhm</strong></span> <span class='ocrx_word' id='word_1_128' title='bbox 1667 1578 1723 1635; x_wconf 88' lang='lat' dir='ltr'><strong>reli</strong></span> <span class='ocrx_word' id='word_1_129' title='bbox 1744 1583 1809 1635; x_wconf 92' lang='lat' dir='ltr'><strong>uit.</strong></span> <span class='ocrx_word' id='word_1_130' title='bbox 1831 1597 1870 1652; x_wconf 83' lang='lat'><strong>23</strong></span> 
     </span>
     <span class='ocr_line' id='line_1_16' title="bbox 552 1598 1875 1734; baseline 0.001 -17"><span class='ocrx_word' id='word_1_131' title='bbox 552 1657 743 1734; x_wconf 79' lang='lat' dir='ltr'><strong>Hieronymi</strong></span> <span class='ocrx_word' id='word_1_132' title='bbox 758 1656 858 1716; x_wconf 87' lang='lat' dir='ltr'><strong>Osotii</strong></span> <span class='ocrx_word' id='word_1_133' title='bbox 882 1657 918 1714; x_wconf 87' lang='lat' dir='ltr'><strong>de</strong></span> <span class='ocrx_word' id='word_1_134' title='bbox 937 1654 1076 1713; x_wconf 80' lang='lat' dir='ltr'><strong>Iustitia.</strong></span> <span class='ocrx_word' id='word_1_135' title='bbox 1098 1653 1176 1712; x_wconf 82' lang='lat' dir='ltr'><strong>edita</strong></span> <span class='ocrx_word' id='word_1_136' title='bbox 1218 1654 1288 1714; x_wconf 93' lang='lat' dir='ltr'><strong>XL.</strong></span> <span class='ocrx_word' id='word_1_137' title='bbox 1319 1656 1561 1715; x_wconf 81' lang='lat' dir='ltr'><strong>Commentarius</strong></span> <span class='ocrx_word' id='word_1_138' title='bbox 1596 1657 1632 1716; x_wconf 86' lang='lat' dir='ltr'><strong>de</strong></span> <span class='ocrx_word' id='word_1_139' title='bbox 1658 1598 1875 1718; x_wconf 73' lang='lat' dir='ltr'><strong>ConlolatIone</strong></span> 
     </span>
     <span class='ocr_line' id='line_1_17' title="bbox 550 1734 1873 1816; baseline 0.003 -22"><span class='ocrx_word' id='word_1_140' title='bbox 550 1743 669 1816; x_wconf 74' lang='lat' dir='ltr'><strong>primum</strong></span> <span class='ocrx_word' id='word_1_141' title='bbox 685 1734 752 1809; x_wconf 81' lang='lat' dir='ltr'><strong>fuit</strong></span> <span class='ocrx_word' id='word_1_142' title='bbox 766 1737 826 1808; x_wconf 75' lang='lat' dir='ltr'><strong>fine</strong></span> <span class='ocrx_word' id='word_1_143' title='bbox 846 1734 978 1792; x_wconf 72' lang='lat' dir='ltr'><strong>Aulluris</strong></span> <span class='ocrx_word' id='word_1_144' title='bbox 1003 1738 1106 1790; x_wconf 80' lang='lat' dir='ltr'><strong>nomine</strong></span> <span class='ocrx_word' id='word_1_145' title='bbox 1120 1755 1176 1791; x_wconf 82' lang='lat' dir='ltr'><strong>una</strong></span> <span class='ocrx_word' id='word_1_146' title='bbox 1259 1735 1416 1805; x_wconf 71' lang='lat' dir='ltr'><strong>Ecclesia,</strong></span> <span class='ocrx_word' id='word_1_147' title='bbox 1437 1738 1473 1793; x_wconf 90' lang='lat' dir='ltr'><strong>ad</strong></span> <span class='ocrx_word' id='word_1_148' title='bbox 1488 1734 1873 1798; x_wconf 65' lang='lat' dir='ltr'><strong>MichadlemGhililerInm</strong></span> 
     </span>
     <span class='ocr_line' id='line_1_18' title="bbox 554 1812 1875 1897; baseline -0.001 -20"><span class='ocrx_word' id='word_1_149' title='bbox 554 1838 616 1877; x_wconf 76' lang='lat' dir='ltr'><strong>cum</strong></span> <span class='ocrx_word' id='word_1_150' title='bbox 635 1814 723 1874; x_wconf 70' lang='lat' dir='ltr'><strong>eodem</strong></span> <span class='ocrx_word' id='word_1_151' title='bbox 742 1814 809 1874; x_wconf 73' lang='lat' dir='ltr'><strong>nbro</strong></span> <span class='ocrx_word' id='word_1_152' title='bbox 822 1813 939 1888; x_wconf 76' lang='lat' dir='ltr'><strong>,deinde</strong></span> <span class='ocrx_word' id='word_1_153' title='bbox 960 1814 1051 1889; x_wconf 74' lang='lat' dir='ltr'><strong>recufh</strong></span> <span class='ocrx_word' id='word_1_154' title='bbox 1069 1834 1099 1870; x_wconf 82' lang='lat' dir='ltr'><strong>to</strong></span> <span class='ocrx_word' id='word_1_155' title='bbox 1122 1812 1177 1871; x_wconf 76' lang='lat' dir='ltr'><strong>ad-</strong></span> <span class='ocrx_word' id='word_1_156' title='bbox 1258 1815 1451 1874; x_wconf 83' lang='lat' dir='ltr'><strong>Cardinalein</strong></span> <span class='ocrx_word' id='word_1_157' title='bbox 1473 1815 1736 1888; x_wconf 81' lang='lat' dir='ltr'><strong>Alexandrinum,</strong></span> <span class='ocrx_word' id='word_1_158' title='bbox 1758 1822 1808 1897; x_wconf 90' lang='lat' dir='ltr'><strong>qui</strong></span> <span class='ocrx_word' id='word_1_159' title='bbox 1820 1839 1875 1897; x_wconf 85' lang='lat' dir='ltr'><strong>po-</strong></span> 
     </span>
     <span class='ocr_line' id='line_1_19' title="bbox 555 1893 1873 1971; baseline 0.002 -15"><span class='ocrx_word' id='word_1_160' title='bbox 555 1898 636 1958; x_wconf 76' lang='lat' dir='ltr'><strong>dito.</strong></span> <span class='ocrx_word' id='word_1_161' title='bbox 1101 1893 1173 1953; x_wconf 90' lang='lat' dir='ltr'><strong>ibid.</strong></span> <span class='ocrx_word' id='word_1_162' title='bbox 1259 1893 1316 1954; x_wconf 85' lang='lat' dir='ltr'><strong>slea</strong></span> <span class='ocrx_word' id='word_1_163' title='bbox 1339 1894 1408 1953; x_wconf 88' lang='lat' dir='ltr'><strong>Pius</strong></span> <span class='ocrx_word' id='word_1_164' title='bbox 1421 1893 1459 1953; x_wconf 92' lang='lat' dir='ltr'><strong>V.</strong></span> <span class='ocrx_word' id='word_1_165' title='bbox 1473 1894 1560 1955; x_wconf 90' lang='lat' dir='ltr'><strong>Pont.</strong></span> <span class='ocrx_word' id='word_1_166' title='bbox 1575 1896 1662 1955; x_wconf 86' lang='lat' dir='ltr'><strong>Max.</strong></span> <span class='ocrx_word' id='word_1_167' title='bbox 1705 1919 1754 1957; x_wconf 67' lang='grc' dir='ltr'><strong>ιο.</strong></span> <span class='ocrx_word' id='word_1_168' title='bbox 1769 1916 1813 1971; x_wconf 83' lang='lat'><strong>23.</strong></span> <span class='ocrx_word' id='word_1_169' title='bbox 1835 1905 1873 1969; x_wconf 84' lang='lat'><strong>56</strong></span> 
     </span>
    </p>

    <p class='ocr_par' dir='ltr' id='par_1_9' title="bbox 504 1971 1875 2206">
     <span class='ocr_line' id='line_1_20' title="bbox 504 1971 1874 2058; baseline 0.001 -22"><span class='ocrx_word' id='word_1_170' title='bbox 504 1974 668 2043; x_wconf 70' lang='lat' dir='ltr'><strong>XXVIII.</strong></span> <span class='ocrx_word' id='word_1_171' title='bbox 695 1975 835 2034; x_wconf 78' lang='lat' dir='ltr'><strong>Libellus</strong></span> <span class='ocrx_word' id='word_1_172' title='bbox 858 1995 916 2054; x_wconf 88' lang='lat' dir='ltr'><strong>quo</strong></span> <span class='ocrx_word' id='word_1_173' title='bbox 945 1971 1101 2045; x_wconf 85' lang='lat' dir='ltr'><strong>ostendit,</strong></span> <span class='ocrx_word' id='word_1_174' title='bbox 1131 1995 1178 2034; x_wconf 84' lang='lat' dir='ltr'><strong>re·</strong></span> <span class='ocrx_word' id='word_1_175' title='bbox 1220 1972 1305 2034; x_wconf 89' lang='lat' dir='ltr'><strong>XLI.</strong></span> <span class='ocrx_word' id='word_1_176' title='bbox 1323 1976 1479 2034; x_wconf 70' lang='lat' dir='ltr'><strong>sermones</strong></span> <span class='ocrx_word' id='word_1_177' title='bbox 1511 1977 1723 2056; x_wconf 76' lang='lat' dir='ltr'><strong>quamplurimi</strong></span> <span class='ocrx_word' id='word_1_178' title='bbox 1756 1980 1874 2058; x_wconf 83' lang='lat' dir='ltr'><strong>vulgari</strong></span> 
     </span>
     <span class='ocr_line' id='line_1_21' title="bbox 553 2052 1875 2137; baseline -0.002 -18"><span class='ocrx_word' id='word_1_179' title='bbox 553 2057 626 2119; x_wconf 81' lang='lat' dir='ltr'><strong>scili</strong></span> <span class='ocrx_word' id='word_1_180' title='bbox 649 2055 729 2136; x_wconf 75' lang='lat' dir='ltr'><strong>posse</strong></span> <span class='ocrx_word' id='word_1_181' title='bbox 750 2072 924 2136; x_wconf 81' lang='lat' dir='ltr'><strong>argumenta</strong></span> <span class='ocrx_word' id='word_1_182' title='bbox 945 2052 1118 2112; x_wconf 81' lang='lat' dir='ltr'><strong>Aristotelis</strong></span> <span class='ocrx_word' id='word_1_183' title='bbox 1139 2054 1177 2115; x_wconf 86' lang='lat' dir='ltr'><strong>de</strong></span> <span class='ocrx_word' id='word_1_184' title='bbox 1259 2056 1375 2135; x_wconf 88' lang='lat' dir='ltr'><strong>lingua,</strong></span> <span class='ocrx_word' id='word_1_185' title='bbox 1388 2060 1417 2114; x_wconf 91' lang='lat' dir='ltr'><strong>in</strong></span> <span class='ocrx_word' id='word_1_186' title='bbox 1428 2054 1782 2137; x_wconf 82' lang='lat' dir='ltr'><strong>Congregationibus,in</strong></span> <span class='ocrx_word' id='word_1_187' title='bbox 1795 2060 1875 2135; x_wconf 67' lang='lat' dir='ltr'><strong>Syn·</strong></span> 
     </span>
     <span class='ocr_line' id='line_1_22' title="bbox 551 2132 1875 2206; baseline 0 -8"><span class='ocrx_word' id='word_1_188' title='bbox 551 2136 660 2198; x_wconf 84' lang='lat' dir='ltr'><strong>mundi</strong></span> <span class='ocrx_word' id='word_1_189' title='bbox 683 2141 867 2195; x_wconf 72' lang='lat' dir='ltr'><strong>aeternitate.</strong></span> <span class='ocrx_word' id='word_1_190' title='bbox 1096 2132 1172 2192; x_wconf 76' lang='lat' dir='ltr'><strong>ibid.</strong></span> <span class='ocrx_word' id='word_1_191' title='bbox 1257 2138 1345 2206; x_wconf 83' lang='lat' dir='ltr'><strong>odis,</strong></span> <span class='ocrx_word' id='word_1_192' title='bbox 1368 2139 1399 2193; x_wconf 88' lang='lat' dir='ltr'><strong>in</strong></span> <span class='ocrx_word' id='word_1_193' title='bbox 1422 2133 1671 2206; x_wconf 82' lang='lat' dir='ltr'><strong>Visrtationibut,</strong></span> <span class='ocrx_word' id='word_1_194' title='bbox 1688 2156 1723 2195; x_wconf 81' lang='lat' dir='ltr'><strong>et</strong></span> <span class='ocrx_word' id='word_1_195' title='bbox 1744 2139 1782 2196; x_wconf 88' lang='lat' dir='ltr'><strong>ad</strong></span> <span class='ocrx_word' id='word_1_196' title='bbox 1797 2138 1875 2198; x_wconf 88' lang='lat' dir='ltr'><strong>Mo·</strong></span> 
     </span>
    </p>

    <p class='ocr_par' dir='ltr' id='par_1_10' title="bbox 514 2213 1872 2374">
     <span class='ocr_line' id='line_1_23' title="bbox 514 2213 1872 2287; baseline -0.003 -7"><span class='ocrx_word' id='word_1_197' title='bbox 514 2216 642 2281; x_wconf 86' lang='lat' dir='ltr'><strong>XXIX.</strong></span> <span class='ocrx_word' id='word_1_198' title='bbox 665 2213 715 2279; x_wconf 91' lang='lat' dir='ltr'><strong>De</strong></span> <span class='ocrx_word' id='word_1_199' title='bbox 735 2216 916 2281; x_wconf 80' lang='lat' dir='ltr'><strong>Animorum</strong></span> <span class='ocrx_word' id='word_1_200' title='bbox 944 2215 1173 2274; x_wconf 75' lang='lat' dir='ltr'><strong>Immortalitate</strong></span> <span class='ocrx_word' id='word_1_201' title='bbox 1251 2218 1363 2275; x_wconf 80' lang='lat' dir='ltr'><strong>nachas</strong></span> <span class='ocrx_word' id='word_1_202' title='bbox 1394 2215 1492 2273; x_wconf 83' lang='lat' dir='ltr'><strong>habiti</strong></span> <span class='ocrx_word' id='word_1_203' title='bbox 1512 2252 1525 2287; x_wconf 85' lang='lat'><strong>,</strong></span> <span class='ocrx_word' id='word_1_204' title='bbox 1546 2217 1617 2275; x_wconf 83' lang='lat' dir='ltr'><strong>dum</strong></span> <span class='ocrx_word' id='word_1_205' title='bbox 1654 2216 1724 2277; x_wconf 81' lang='lat' dir='ltr'><strong>esset</strong></span> <span class='ocrx_word' id='word_1_206' title='bbox 1748 2215 1872 2277; x_wconf 73' lang='lat' dir='ltr'><strong>Verona</strong></span> 
     </span>
     <span class='ocr_line' id='line_1_24' title="bbox 557 2293 1872 2374; baseline -0.001 -16"><span class='ocrx_word' id='word_1_207' title='bbox 557 2299 667 2358; x_wconf 87' lang='lat' dir='ltr'><strong>Liber..</strong></span> <span class='ocrx_word' id='word_1_208' title='bbox 1098 2293 1170 2354; x_wconf 82' lang='lat' dir='ltr'><strong>ibid.</strong></span> <span class='ocrx_word' id='word_1_209' title='bbox 1254 2295 1280 2353; x_wconf 87' lang='lat' dir='ltr'><strong>E</strong></span> <span class='ocrx_word' id='word_1_210' title='bbox 1303 2295 1434 2374; x_wconf 82' lang='lat' dir='ltr'><strong>iscopus.</strong></span> <span class='ocrx_word' id='word_1_211' title='bbox 1832 2316 1872 2367; x_wconf 81' lang='lat'><strong>25</strong></span> 
     </span>
    </p>

    <p class='ocr_par' dir='ltr' id='par_1_11' title="bbox 512 2318 1872 3415">
     <span class='ocr_line' id='line_1_25' title="bbox 514 2318 1872 2460; baseline -0.003 -19"><span class='ocrx_word' id='word_1_212' title='bbox 514 2378 625 2441; x_wconf 86' lang='lat' dir='ltr'><strong>XXX.</strong></span> <span class='ocrx_word' id='word_1_213' title='bbox 649 2375 844 2437; x_wconf 84' lang='lat' dir='ltr'><strong>Hortatorius</strong></span> <span class='ocrx_word' id='word_1_214' title='bbox 864 2376 903 2434; x_wconf 91' lang='lat' dir='ltr'><strong>ad</strong></span> <span class='ocrx_word' id='word_1_215' title='bbox 924 2373 1085 2435; x_wconf 83' lang='lat' dir='ltr'><strong>Nicolaum</strong></span> <span class='ocrx_word' id='word_1_216' title='bbox 1101 2373 1173 2432; x_wconf 86' lang='lat' dir='ltr'><strong>Bar-</strong></span> <span class='ocrx_word' id='word_1_217' title='bbox 1215 2318 1315 2434; x_wconf 72' lang='lat' dir='ltr'><strong>XLII.</strong></span> <span class='ocrx_word' id='word_1_218' title='bbox 1344 2375 1421 2436; x_wconf 88' lang='lat' dir='ltr'><strong>Item</strong></span> <span class='ocrx_word' id='word_1_219' title='bbox 1453 2377 1508 2434; x_wconf 86' lang='lat' dir='ltr'><strong>alii</strong></span> <span class='ocrx_word' id='word_1_220' title='bbox 1540 2375 1719 2438; x_wconf 80' lang='lat' dir='ltr'><strong>solemnibus</strong></span> <span class='ocrx_word' id='word_1_221' title='bbox 1750 2378 1872 2460; x_wconf 78' lang='lat' dir='ltr'><strong>lingulis</strong></span> 
     </span>
     <span class='ocr_line' id='line_1_26' title="bbox 557 2454 1871 2599; baseline -0.002 -79"><span class='ocrx_word' id='word_1_222' title='bbox 557 2461 715 2528; x_wconf 81' lang='lat' dir='ltr'><strong>badicurn,</strong></span> <span class='ocrx_word' id='word_1_223' title='bbox 737 2476 770 2515; x_wconf 89' lang='lat' dir='ltr'><strong>ut</strong></span> <span class='ocrx_word' id='word_1_224' title='bbox 791 2477 874 2516; x_wconf 88' lang='lat' dir='ltr'><strong>more</strong></span> <span class='ocrx_word' id='word_1_225' title='bbox 900 2457 1051 2534; x_wconf 74' lang='lat' dir='ltr'><strong>majorum</strong></span> <span class='ocrx_word' id='word_1_226' title='bbox 1073 2454 1174 2514; x_wconf 73' lang='lat' dir='ltr'><strong>Vene-</strong></span> <span class='ocrx_word' id='word_1_227' title='bbox 1254 2457 1357 2515; x_wconf 86' lang='lat' dir='ltr'><strong>diebus</strong></span> <span class='ocrx_word' id='word_1_228' title='bbox 1378 2476 1413 2515; x_wconf 86' lang='lat' dir='ltr'><strong>ex</strong></span> <span class='ocrx_word' id='word_1_229' title='bbox 1435 2454 1565 2594; x_wconf 50' lang='lat' dir='ltr'><strong>sugfestu</strong></span> <span class='ocrx_word' id='word_1_230' title='bbox 1591 2458 1685 2516; x_wconf 86' lang='lat' dir='ltr'><strong>habiti</strong></span> <span class='ocrx_word' id='word_1_231' title='bbox 1718 2461 1755 2518; x_wconf 84' lang='lat' dir='ltr'><strong>ad</strong></span> <span class='ocrx_word' id='word_1_232' title='bbox 1778 2479 1871 2599; x_wconf 53' lang='lat' dir='ltr'>pag:-</span> 
     </span>
     <span class='ocr_line' id='line_1_27' title="bbox 552 2534 1871 2616; baseline 0 -18"><span class='ocrx_word' id='word_1_233' title='bbox 552 2546 609 2598; x_wconf 76' lang='lat' dir='ltr'><strong>‹tiis</strong></span> <span class='ocrx_word' id='word_1_234' title='bbox 631 2537 740 2598; x_wconf 78' lang='lat' dir='ltr'><strong>caussas</strong></span> <span class='ocrx_word' id='word_1_235' title='bbox 767 2554 885 2616; x_wconf 78' lang='lat' dir='ltr'><strong>ageret.</strong></span> <span class='ocrx_word' id='word_1_236' title='bbox 1137 2555 1171 2610; x_wconf 85' lang='lat'><strong>19</strong></span> <span class='ocrx_word' id='word_1_237' title='bbox 1255 2538 1317 2594; x_wconf 85' lang='lat' dir='ltr'><strong>lum</strong></span> <span class='ocrx_word' id='word_1_238' title='bbox 1340 2534 1477 2595; x_wconf 88' lang='lat' dir='ltr'><strong>Veronen</strong></span> <span class='ocrx_word' id='word_1_239' title='bbox 1492 2558 1538 2598; x_wconf 89' lang='lat' dir='ltr'><strong>em</strong></span> <span class='ocrx_word' id='word_1_240' title='bbox 1562 2572 1578 2611; x_wconf 86' lang='lat'><strong>,</strong></span> <span class='ocrx_word' id='word_1_241' title='bbox 1602 2542 1637 2596; x_wconf 85' lang='lat' dir='ltr'><strong>&#39;in</strong></span> <span class='ocrx_word' id='word_1_242' title='bbox 1659 2537 1788 2598; x_wconf 84' lang='lat' dir='ltr'><strong>Ecclefia</strong></span> <span class='ocrx_word' id='word_1_243' title='bbox 1856 2573 1871 2587; x_wconf 93' lang='lat'>-</span> 
     </span>
     <span class='ocr_line' id='line_1_28' title="bbox 518 2614 1869 2690; baseline 0.001 -12"><span class='ocrx_word' id='word_1_244' title='bbox 518 2615 643 2679; x_wconf 88' lang='lat' dir='ltr'><strong>XXXI.</strong></span> <span class='ocrx_word' id='word_1_245' title='bbox 665 2615 891 2676; x_wconf 81' lang='lat' dir='ltr'><strong>Consolatnrius</strong></span> <span class='ocrx_word' id='word_1_246' title='bbox 923 2615 961 2673; x_wconf 85' lang='lat' dir='ltr'><strong>ad</strong></span> <span class='ocrx_word' id='word_1_247' title='bbox 983 2614 1118 2673; x_wconf 78' lang='lat' dir='ltr'><strong>eumdem</strong></span> <span class='ocrx_word' id='word_1_248' title='bbox 1141 2620 1172 2673; x_wconf 88' lang='lat' dir='ltr'><strong>in</strong></span> <span class='ocrx_word' id='word_1_249' title='bbox 1254 2617 1404 2676; x_wconf 83' lang='lat' dir='ltr'><strong>thedrali.</strong></span> <span class='ocrx_word' id='word_1_250' title='bbox 1769 2625 1869 2690; x_wconf 84' lang='lat'><strong>25.26</strong></span> 
     </span>
     <span class='ocr_line' id='line_1_29' title="bbox 558 2694 1870 2779; baseline 0.002 -22"><span class='ocrx_word' id='word_1_251' title='bbox 558 2698 639 2757; x_wconf 82' lang='lat' dir='ltr'><strong>obitu</strong></span> <span class='ocrx_word' id='word_1_252' title='bbox 663 2695 784 2754; x_wconf 83' lang='lat' dir='ltr'><strong>fratris.</strong></span> <span class='ocrx_word' id='word_1_253' title='bbox 1099 2695 1171 2752; x_wconf 90' lang='lat' dir='ltr'><strong>ibid.</strong></span> <span class='ocrx_word' id='word_1_254' title='bbox 1214 2694 1330 2757; x_wconf 83' lang='lat' dir='ltr'><strong>XLIII.</strong></span> <span class='ocrx_word' id='word_1_255' title='bbox 1364 2695 1415 2756; x_wconf 87' lang='lat' dir='ltr'><strong>De</strong></span> <span class='ocrx_word' id='word_1_256' title='bbox 1449 2696 1670 2773; x_wconf 82' lang='lat' dir='ltr'><strong>Acolythorum</strong></span> <span class='ocrx_word' id='word_1_257' title='bbox 1711 2698 1870 2779; x_wconf 71' lang='lat' dir='ltr'><strong>disciplina</strong></span> 
     </span>
     <span class='ocr_line' id='line_1_30' title="bbox 518 2771 1871 2850; baseline 0 -11"><span class='ocrx_word' id='word_1_258' title='bbox 518 2774 659 2839; x_wconf 89' lang='lat' dir='ltr'><strong>XXXII.</strong></span> <span class='ocrx_word' id='word_1_259' title='bbox 682 2773 732 2835; x_wconf 88' lang='lat' dir='ltr'><strong>De</strong></span> <span class='ocrx_word' id='word_1_260' title='bbox 741 2771 826 2834; x_wconf 72' lang='lat' dir='ltr'><strong>‘luris</strong></span> <span class='ocrx_word' id='word_1_261' title='bbox 835 2772 1013 2844; x_wconf 84' lang='lat' dir='ltr'><strong>Civilis,et</strong></span> <span class='ocrx_word' id='word_1_262' title='bbox 1024 2774 1171 2834; x_wconf 86' lang='lat' dir='ltr'><strong>Canonici</strong></span> <span class='ocrx_word' id='word_1_263' title='bbox 1254 2774 1340 2833; x_wconf 83' lang='lat' dir='ltr'><strong>Libri</strong></span> <span class='ocrx_word' id='word_1_264' title='bbox 1364 2776 1452 2844; x_wconf 86' lang='lat' dir='ltr'><strong>duo,</strong></span> <span class='ocrx_word' id='word_1_265' title='bbox 1474 2775 1511 2832; x_wconf 94' lang='lat' dir='ltr'><strong>ad</strong></span> <span class='ocrx_word' id='word_1_266' title='bbox 1532 2775 1701 2850; x_wconf 84' lang='lat' dir='ltr'><strong>Acolythos</strong></span> <span class='ocrx_word' id='word_1_267' title='bbox 1736 2779 1871 2839; x_wconf 69' lang='lat' dir='ltr'><strong>Ecclesia</strong></span> 
     </span>
     <span class='ocr_line' id='line_1_31' title="bbox 555 2851 1867 2932; baseline 0.002 -17"><span class='ocrx_word' id='word_1_268' title='bbox 555 2857 649 2915; x_wconf 86' lang='lat' dir='ltr'><strong>studio</strong></span> <span class='ocrx_word' id='word_1_269' title='bbox 671 2853 865 2932; x_wconf 73' lang='lat' dir='ltr'><strong>Philosophia</strong></span> <span class='ocrx_word' id='word_1_270' title='bbox 892 2855 1170 2932; x_wconf 83' lang='lat' dir='ltr'><strong>anteponendo,rd</strong></span> <span class='ocrx_word' id='word_1_271' title='bbox 1252 2852 1456 2923; x_wconf 84' lang='lat' dir='ltr'><strong>Veronensrs,</strong></span> <span class='ocrx_word' id='word_1_272' title='bbox 1488 2853 1565 2931; x_wconf 69' lang='lat' dir='ltr'><strong>jussu</strong></span> <span class='ocrx_word' id='word_1_273' title='bbox 1597 2851 1736 2913; x_wconf 72' lang='lat' dir='ltr'><strong>Aubloris</strong></span> <span class='ocrx_word' id='word_1_274' title='bbox 1769 2860 1867 2917; x_wconf 85' lang='lat' dir='ltr'><strong>editi.</strong></span> 
     </span>
     <span class='ocr_line' id='line_1_32' title="bbox 551 2929 1871 3014; baseline -0.002 -18"><span class='ocrx_word' id='word_1_275' title='bbox 551 2936 664 2996; x_wconf 87' lang='lat' dir='ltr'><strong>Iulium</strong></span> <span class='ocrx_word' id='word_1_276' title='bbox 685 2933 819 2995; x_wconf 83' lang='lat' dir='ltr'><strong>Guidatu</strong></span> <span class='ocrx_word' id='word_1_277' title='bbox 832 2938 909 3014; x_wconf 79' lang='lat' dir='ltr'><strong>,qui</strong></span> <span class='ocrx_word' id='word_1_278' title='bbox 930 2933 989 2992; x_wconf 88' lang='lat' dir='ltr'><strong>suit</strong></span> <span class='ocrx_word' id='word_1_279' title='bbox 999 2933 1096 3014; x_wconf 83' lang='lat' dir='ltr'><strong>postea</strong></span> <span class='ocrx_word' id='word_1_280' title='bbox 1104 2934 1171 2993; x_wconf 58' lang='lat' dir='ltr'><strong>fia»</strong></span> <span class='ocrx_word' id='word_1_281' title='bbox 1252 2936 1372 2993; x_wconf 68' lang='lat' dir='ltr'><strong>Wmte&#39;r&#39;s</strong></span> <span class='ocrx_word' id='word_1_282' title='bbox 1392 2949 1476 3003; x_wconf 79' lang='lat'><strong>1571.</strong></span> <span class='ocrx_word' id='word_1_283' title='bbox 1497 2929 1574 3008; x_wconf 76' lang='lat' dir='ltr'><strong>apud</strong></span> <span class='ocrx_word' id='word_1_284' title='bbox 1589 2937 1762 2991; x_wconf 82' lang='lat' dir='ltr'><strong>Domr&#39;nr‘cum</strong></span> <span class='ocrx_word' id='word_1_285' title='bbox 1779 2940 1871 2995; x_wconf 75' lang='lat' dir='ltr'><strong>Nice-</strong></span> 
     </span>
     <span class='ocr_line' id='line_1_33' title="bbox 554 3013 1870 3089; baseline 0 -13"><span class='ocrx_word' id='word_1_286' title='bbox 554 3021 677 3079; x_wconf 82' lang='lat' dir='ltr'><strong>nnoicus</strong></span> <span class='ocrx_word' id='word_1_287' title='bbox 700 3013 896 3076; x_wconf 72' lang='lat' dir='ltr'><strong>Veronensis.</strong></span> <span class='ocrx_word' id='word_1_288' title='bbox 1092 3015 1164 3073; x_wconf 81' lang='lat' dir='ltr'><strong>ibid.</strong></span> <span class='ocrx_word' id='word_1_289' title='bbox 1251 3013 1339 3070; x_wconf 82' lang='lat' dir='ltr'><strong>linum</strong></span> <span class='ocrx_word' id='word_1_290' title='bbox 1360 3017 1391 3068; x_wconf 82' lang='lat' dir='ltr'><strong>in</strong></span> <span class='ocrx_word' id='word_1_291' title='bbox 1408 3031 1456 3079; x_wconf 80' lang='lat'><strong>24.</strong></span> <span class='ocrx_word' id='word_1_292' title='bbox 1490 3017 1597 3072; x_wconf 57' lang='lat' dir='ltr'><strong>Veronae</strong></span> <span class='ocrx_word' id='word_1_293' title='bbox 1621 3016 1705 3089; x_wconf 79' lang='lat'><strong>1583.</strong></span> <span class='ocrx_word' id='word_1_294' title='bbox 1719 3035 1747 3082; x_wconf 90' lang='lat'><strong>4.</strong></span> <span class='ocrx_word' id='word_1_295' title='bbox 1769 3019 1799 3072; x_wconf 81' lang='lat' dir='ltr'><strong>in</strong></span> <span class='ocrx_word' id='word_1_296' title='bbox 1809 3017 1870 3075; x_wconf 82' lang='lat' dir='ltr'><strong>cal·</strong></span> 
     </span>
     <span class='ocr_line' id='line_1_34' title="bbox 512 3091 1868 3174; baseline -0.004 -19"><span class='ocrx_word' id='word_1_297' title='bbox 512 3093 668 3158; x_wconf 86' lang='lat' dir='ltr'><strong>XXXIII.</strong></span> <span class='ocrx_word' id='word_1_298' title='bbox 691 3095 740 3154; x_wconf 92' lang='lat' dir='ltr'><strong>De</strong></span> <span class='ocrx_word' id='word_1_299' title='bbox 751 3094 963 3154; x_wconf 83' lang='lat' dir='ltr'><strong>Consolatione</strong></span> <span class='ocrx_word' id='word_1_300' title='bbox 984 3100 1014 3153; x_wconf 91' lang='lat' dir='ltr'><strong>in</strong></span> <span class='ocrx_word' id='word_1_301' title='bbox 1028 3116 1169 3174; x_wconf 73' lang='lat' dir='ltr'><strong>quincum-</strong></span> <span class='ocrx_word' id='word_1_302' title='bbox 1245 3115 1278 3152; x_wconf 77' lang='lat' dir='ltr'><strong>cr</strong></span> <span class='ocrx_word' id='word_1_303' title='bbox 1288 3092 1437 3169; x_wconf 66' lang='lat' dir='ltr'><strong>Rhetorice</strong></span> <span class='ocrx_word' id='word_1_304' title='bbox 1453 3091 1638 3168; x_wconf 62' lang='lat' dir='ltr'><strong>Ecclefissitae</strong></span> <span class='ocrx_word' id='word_1_305' title='bbox 1652 3094 1767 3173; x_wconf 53' lang='grc' dir='ltr'><strong>Μέρη</strong></span> <span class='ocrx_word' id='word_1_306' title='bbox 1784 3138 1796 3154; x_wconf 69' lang='lat'>„</span> <span class='ocrx_word' id='word_1_307' title='bbox 1818 3104 1868 3160; x_wconf 81' lang='lat'><strong>26.</strong></span> 
     </span>
     <span class='ocr_line' id='line_1_35' title="bbox 549 3173 1288 3255; baseline -0.003 -21"><span class='ocrx_word' id='word_1_308' title='bbox 549 3197 611 3255; x_wconf 75' lang='lat' dir='ltr'><strong>que</strong></span> <span class='ocrx_word' id='word_1_309' title='bbox 633 3173 728 3246; x_wconf 78' lang='lat' dir='ltr'><strong>cast,</strong></span> <span class='ocrx_word' id='word_1_310' title='bbox 750 3173 853 3239; x_wconf 88' lang='lat' dir='ltr'><strong>sumtis</strong></span> <span class='ocrx_word' id='word_1_311' title='bbox 874 3195 890 3233; x_wconf 91' lang='lat' dir='ltr'><strong>e</strong></span> <span class='ocrx_word' id='word_1_312' title='bbox 911 3173 1100 3253; x_wconf 89' lang='lat' dir='ltr'><strong>Philosophia</strong></span> <span class='ocrx_word' id='word_1_313' title='bbox 1123 3196 1169 3233; x_wconf 88' lang='lat' dir='ltr'><strong>re·</strong></span> <span class='ocrx_word' id='word_1_314' title='bbox 1249 3194 1288 3248; x_wconf 75' lang='lat'><strong>39</strong></span> 
     </span>
     <span class='ocr_line' id='line_1_36' title="bbox 528 3251 1864 3334; baseline 0.004 -20"><span class='ocrx_word' id='word_1_315' title='bbox 528 3297 535 3305; x_wconf 87' lang='lat'>-</span> <span class='ocrx_word' id='word_1_316' title='bbox 547 3255 660 3314; x_wconf 82' lang='lat' dir='ltr'><strong>mediis</strong></span> <span class='ocrx_word' id='word_1_317' title='bbox 672 3290 683 3326; x_wconf 95' lang='lat'><strong>,</strong></span> <span class='ocrx_word' id='word_1_318' title='bbox 695 3253 852 3334; x_wconf 74' lang='lat' dir='ltr'><strong>prasertim</strong></span> <span class='ocrx_word' id='word_1_319' title='bbox 872 3274 907 3313; x_wconf 79' lang='lat' dir='ltr'><strong>ex</strong></span> <span class='ocrx_word' id='word_1_320' title='bbox 919 3252 1059 3332; x_wconf 61' lang='lat' dir='ltr'><strong>Epithetn</strong></span> <span class='ocrx_word' id='word_1_321' title='bbox 1071 3290 1081 3326; x_wconf 88' lang='lat'><strong>,</strong></span> <span class='ocrx_word' id='word_1_322' title='bbox 1092 3253 1169 3314; x_wconf 88' lang='lat' dir='ltr'><strong>e&#39;us·</strong></span> <span class='ocrx_word' id='word_1_323' title='bbox 1211 3251 1328 3314; x_wconf 89' lang='lat' dir='ltr'><strong>XLIV.</strong></span> <span class='ocrx_word' id='word_1_324' title='bbox 1342 3253 1532 3333; x_wconf 74' lang='lat' dir='ltr'><strong>¹opusculum</strong></span> <span class='ocrx_word' id='word_1_325' title='bbox 1555 3258 1591 3315; x_wconf 90' lang='lat' dir='ltr'><strong>de</strong></span> <span class='ocrx_word' id='word_1_326' title='bbox 1613 3255 1657 3316; x_wconf 84' lang='lat' dir='ltr'><strong>Le</strong></span> <span class='ocrx_word' id='word_1_327' title='bbox 1676 3263 1800 3331; x_wconf 82' lang='lat' dir='ltr'><strong>atione,</strong></span> <span class='ocrx_word' id='word_1_328' title='bbox 1822 3261 1864 3319; x_wconf 88' lang='lat' dir='ltr'><strong>ad</strong></span> 
     </span>
     <span class='ocr_line' id='line_1_37' title="bbox 529 3278 1867 3415; baseline 0.003 -22"><span class='ocrx_word' id='word_1_329' title='bbox 529 3356 612 3415; x_wconf 84' lang='lat' dir='ltr'><strong>..que</strong></span> <span class='ocrx_word' id='word_1_330' title='bbox 643 3352 810 3396; x_wconf 85' lang='lat' dir='ltr'><strong>enarratore</strong></span> <span class='ocrx_word' id='word_1_331' title='bbox 838 3335 993 3414; x_wconf 65' lang='lat' dir='ltr'><strong>Simplicio</strong></span> <span class='ocrx_word' id='word_1_332' title='bbox 1016 3369 1027 3405; x_wconf 68' lang='lat' dir='ltr'><strong>r</strong></span> <span class='ocrx_word' id='word_1_333' title='bbox 1052 3278 1169 3398; x_wconf 75' lang='lat' dir='ltr'><strong>additis</strong></span> <span class='ocrx_word' id='word_1_334' title='bbox 1252 3333 1408 3409; x_wconf 85' lang='lat' dir='ltr'><strong>Aloysrum</strong></span> <span class='ocrx_word' id='word_1_335' title='bbox 1420 3279 1867 3408; x_wconf 81' lang='lat' dir='ltr'><strong>Contarcnnm,·VnnetaeRei·</strong></span> 
     </span>
    </p>
   </div>
   <div class='ocr_carea' id='block_1_3' title="bbox 551 3414 1866 3554">
    <p class='ocr_par' dir='ltr' id='par_1_12' title="bbox 551 3414 1866 3554">
     <span class='ocr_line' id='line_1_38' title="bbox 551 3414 1866 3554; baseline 0.001 -77"><span class='ocrx_word' id='word_1_336' title='bbox 551 3415 699 3494; x_wconf 70' lang='lat' dir='ltr'><strong>exemplis</strong></span> <span class='ocrx_word' id='word_1_337' title='bbox 722 3437 784 3477; x_wconf 81' lang='lat' dir='ltr'><strong>nen</strong></span> <span class='ocrx_word' id='word_1_338' title='bbox 815 3420 957 3550; x_wconf 51' lang='lat' dir='ltr'><strong>{autise</strong></span> <span class='ocrx_word' id='word_1_339' title='bbox 986 3414 1168 3475; x_wconf 79' lang='lat' dir='ltr'><strong>Venetorum</strong></span> <span class='ocrx_word' id='word_1_340' title='bbox 1251 3414 1374 3554; x_wconf 43' lang='lat' dir='ltr'><strong>{ablica</strong></span> <span class='ocrx_word' id='word_1_341' title='bbox 1405 3416 1443 3474; x_wconf 87' lang='lat' dir='ltr'><strong>ad</strong></span> <span class='ocrx_word' id='word_1_342' title='bbox 1473 3415 1622 3477; x_wconf 58' lang='lat' dir='ltr'><strong>,Carolum</strong></span> <span class='ocrx_word' id='word_1_343' title='bbox 1653 3415 1712 3477; x_wconf 87' lang='lat' dir='ltr'><strong>IX.</strong></span> <span class='ocrx_word' id='word_1_344' title='bbox 1748 3417 1866 3478; x_wconf 70' lang='lat' dir='ltr'><strong>Gallia</strong></span> 
     </span>
    </p>
   </div>
   <div class='ocr_carea' id='block_1_4' title="bbox 510 3493 1866 4695">
    <p class='ocr_par' dir='ltr' id='par_1_13' title="bbox 510 3493 1866 4695">
     <span class='ocr_line' id='line_1_39' title="bbox 552 3493 1865 3577; baseline 0.003 -24"><span class='ocrx_word' id='word_1_345' title='bbox 552 3493 702 3553; x_wconf 86' lang='lat' dir='ltr'><strong>historiis.</strong></span> <span class='ocrx_word' id='word_1_346' title='bbox 726 3501 815 3553; x_wconf 77' lang='lat' dir='ltr'><strong>Prata</strong></span> <span class='ocrx_word' id='word_1_347' title='bbox 841 3518 863 3552; x_wconf 82' lang='lat' dir='ltr'><em>ae</em></span> <span class='ocrx_word' id='word_1_348' title='bbox 891 3510 956 3572; x_wconf 79' lang='lat' dir='ltr'><strong>opor</strong></span> <span class='ocrx_word' id='word_1_349' title='bbox 975 3494 1022 3553; x_wconf 87' lang='lat' dir='ltr'><strong>boc</strong></span> <span class='ocrx_word' id='word_1_350' title='bbox 1045 3499 1168 3572; x_wconf 80' lang='lat' dir='ltr'><strong>incepit,</strong></span> <span class='ocrx_word' id='word_1_351' title='bbox 1289 3517 1393 3576; x_wconf 85' lang='lat' dir='ltr'><strong>egem,</strong></span> <span class='ocrx_word' id='word_1_352' title='bbox 1411 3497 1544 3577; x_wconf 79' lang='lat' dir='ltr'><strong>legatum</strong></span> <span class='ocrx_word' id='word_1_353' title='bbox 1569 3518 1579 3567; x_wconf 66' lang='grc' dir='ltr'><strong><em>ς</em></strong></span> <span class='ocrx_word' id='word_1_354' title='bbox 1600 3500 1639 3557; x_wconf 89' lang='lat' dir='ltr'><strong>ad</strong></span> <span class='ocrx_word' id='word_1_355' title='bbox 1666 3503 1865 3559; x_wconf 87' lang='lat' dir='ltr'><strong>imitationem</strong></span> 
     </span>
     <span class='ocr_line' id='line_1_40' title="bbox 549 3571 1864 3657; baseline 0.006 -27"><span class='ocrx_word' id='word_1_356' title='bbox 549 3571 600 3650; x_wconf 76' lang='lat' dir='ltr'><strong>,sed</strong></span> <span class='ocrx_word' id='word_1_357' title='bbox 619 3593 766 3648; x_wconf 73' lang='lat' dir='ltr'><strong>nmquam</strong></span> <span class='ocrx_word' id='word_1_358' title='bbox 784 3572 921 3648; x_wconf 77' lang='lat' dir='ltr'><strong>absolvit.</strong></span> <span class='ocrx_word' id='word_1_359' title='bbox 1128 3594 1168 3635; x_wconf 80' lang='lat'><strong>20</strong></span> <span class='ocrx_word' id='word_1_360' title='bbox 1253 3575 1386 3653; x_wconf 74' lang='lat' dir='ltr'><strong>Prospeti</strong></span> <span class='ocrx_word' id='word_1_361' title='bbox 1408 3575 1516 3636; x_wconf 73' lang='lat' dir='ltr'><strong>Sanslae</strong></span> <span class='ocrx_word' id='word_1_362' title='bbox 1536 3577 1663 3650; x_wconf 85' lang='lat' dir='ltr'><strong>Crucis,</strong></span> <span class='ocrx_word' id='word_1_363' title='bbox 1694 3584 1745 3657; x_wconf 88' lang='lat' dir='ltr'><strong>qui</strong></span> <span class='ocrx_word' id='word_1_364' title='bbox 1767 3578 1864 3657; x_wconf 80' lang='lat' dir='ltr'><strong>postea</strong></span> 
     </span>
     <span class='ocr_line' id='line_1_41' title="bbox 512 3648 1864 3739; baseline 0 -22"><span class='ocrx_word' id='word_1_365' title='bbox 512 3651 670 3717; x_wconf 81' lang='lat' dir='ltr'><strong>XXXIV.</strong></span> <span class='ocrx_word' id='word_1_366' title='bbox 695 3652 875 3732; x_wconf 78' lang='lat' dir='ltr'><strong>Tragoedia,</strong></span> <span class='ocrx_word' id='word_1_367' title='bbox 895 3648 1002 3709; x_wconf 89' lang='lat' dir='ltr'><strong>Italica</strong></span> <span class='ocrx_word' id='word_1_368' title='bbox 1012 3672 1070 3730; x_wconf 79' lang='lat' dir='ltr'><strong>qna</strong></span> <span class='ocrx_word' id='word_1_369' title='bbox 1092 3675 1171 3713; x_wconf 87' lang='lat' dir='ltr'><strong>nunc</strong></span> <span class='ocrx_word' id='word_1_370' title='bbox 1246 3655 1422 3714; x_wconf 68' lang='lat' dir='ltr'><strong>cardinalis</strong></span> <span class='ocrx_word' id='word_1_371' title='bbox 1444 3655 1624 3733; x_wconf 85' lang='lat' dir='ltr'><strong>suit,aquo</strong></span> <span class='ocrx_word' id='word_1_372' title='bbox 1646 3657 1864 3739; x_wconf 79' lang='lat' dir='ltr'><strong>egregiusejus-</strong></span> 
     </span>
     <span class='ocr_line' id='line_1_42' title="bbox 554 3732 1864 3816; baseline 0.006 -29"><span class='ocrx_word' id='word_1_373' title='bbox 554 3740 667 3798; x_wconf 67' lang='lat' dir='ltr'><strong>utimur</strong></span> <span class='ocrx_word' id='word_1_374' title='bbox 688 3735 813 3810; x_wconf 78' lang='lat' dir='ltr'><strong>lingua,</strong></span> <span class='ocrx_word' id='word_1_375' title='bbox 833 3732 872 3789; x_wconf 87' lang='lat' dir='ltr'><strong>ad</strong></span> <span class='ocrx_word' id='word_1_376' title='bbox 895 3733 1097 3790; x_wconf 85' lang='lat' dir='ltr'><strong>imitationem</strong></span> <span class='ocrx_word' id='word_1_377' title='bbox 1118 3734 1171 3792; x_wconf 88' lang='lat' dir='ltr'><strong>So·</strong></span> <span class='ocrx_word' id='word_1_378' title='bbox 1252 3735 1319 3795; x_wconf 85' lang='lat' dir='ltr'><strong>dem</strong></span> <span class='ocrx_word' id='word_1_379' title='bbox 1341 3739 1508 3815; x_wconf 78' lang='lat' dir='ltr'><strong>argumenti</strong></span> <span class='ocrx_word' id='word_1_380' title='bbox 1530 3734 1606 3798; x_wconf 82' lang='lat' dir='ltr'><strong>liber</strong></span> <span class='ocrx_word' id='word_1_381' title='bbox 1616 3735 1740 3816; x_wconf 82' lang='lat' dir='ltr'><strong>scriptus</strong></span> <span class='ocrx_word' id='word_1_382' title='bbox 1751 3737 1864 3799; x_wconf 82' lang='lat' dir='ltr'><strong>exstat.</strong></span> 
     </span>
     <span class='ocr_line' id='line_1_43' title="bbox 553 3809 1288 3949; baseline -0.004 -74"><span class='ocrx_word' id='word_1_383' title='bbox 553 3809 1170 3949; x_wconf 53' lang='lat' dir='ltr'><strong>phoclis,etEurifiidimargumentope-</strong></span> <span class='ocrx_word' id='word_1_384' title='bbox 1250 3820 1288 3872; x_wconf 83' lang='lat'><strong>26</strong></span> 
     </span>
     <span class='ocr_line' id='line_1_44' title="bbox 550 3889 1866 3962; baseline 0.003 -6"><span class='ocrx_word' id='word_1_385' title='bbox 550 3901 743 3957; x_wconf 77' lang='lat' dir='ltr'><strong>,eitoexnece</strong></span> <span class='ocrx_word' id='word_1_386' title='bbox 762 3889 821 3953; x_wconf 78' lang='lat' dir='ltr'><strong>Mn</strong></span> <span class='ocrx_word' id='word_1_387' title='bbox 846 3889 1169 3962; x_wconf 76' lang='lat' dir='ltr'><strong>as2,&#39;ancnrumIoi·</strong></span> <span class='ocrx_word' id='word_1_388' title='bbox 1210 3893 1312 3955; x_wconf 87' lang='lat' dir='ltr'><strong>XLV.</strong></span> <span class='ocrx_word' id='word_1_389' title='bbox 1333 3893 1386 3957; x_wconf 80' lang='lat' dir='ltr'><strong>Ad</strong></span> <span class='ocrx_word' id='word_1_390' title='bbox 1415 3894 1579 3956; x_wconf 83' lang='lat' dir='ltr'><strong>Nicolaum</strong></span> <span class='ocrx_word' id='word_1_391' title='bbox 1599 3896 1773 3959; x_wconf 70' lang='lat' dir='ltr'><strong>&#39;Tomiscum</strong></span> <span class='ocrx_word' id='word_1_392' title='bbox 1806 3900 1866 3960; x_wconf 89' lang='lat' dir='ltr'><strong>Po·</strong></span> 
     </span>
     <span class='ocr_line' id='line_1_45' title="bbox 554 3973 1861 4055; baseline 0.005 -21"><span class='ocrx_word' id='word_1_393' title='bbox 554 3977 698 4055; x_wconf 87' lang='lat' dir='ltr'><strong>peratoris</strong></span> <span class='ocrx_word' id='word_1_394' title='bbox 711 3975 902 4050; x_wconf 79' lang='lat' dir='ltr'><strong>pritnogeniti</strong></span> <span class='ocrx_word' id='word_1_395' title='bbox 914 3991 952 4042; x_wconf 85' lang='lat' dir='ltr'><strong>,a</strong></span> <span class='ocrx_word' id='word_1_396' title='bbox 974 3989 1058 4049; x_wconf 88' lang='lat' dir='ltr'><strong>patre</strong></span> <span class='ocrx_word' id='word_1_397' title='bbox 1066 3973 1139 4054; x_wconf 81' lang='lat' dir='ltr'><strong>jussa</strong></span> <span class='ocrx_word' id='word_1_398' title='bbox 1154 3994 1165 4044; x_wconf 80' lang='lat'>3</span> <span class='ocrx_word' id='word_1_399' title='bbox 1245 3976 1377 4046; x_wconf 86' lang='lat' dir='ltr'><strong>donum,</strong></span> <span class='ocrx_word' id='word_1_400' title='bbox 1410 3974 1624 4037; x_wconf 80' lang='lat' dir='ltr'><strong>adolescentem</strong></span> <span class='ocrx_word' id='word_1_401' title='bbox 1655 3980 1836 4040; x_wconf 72' lang='lat' dir='ltr'><strong>catholicum</strong></span> <span class='ocrx_word' id='word_1_402' title='bbox 1850 4016 1861 4053; x_wconf 95' lang='lat'><strong>,</strong></span> 
     </span>
     <span class='ocr_line' id='line_1_46' title="bbox 547 4049 1863 4133; baseline 0.004 -18"><span class='ocrx_word' id='word_1_403' title='bbox 547 4049 943 4128; x_wconf 61' lang='lat' dir='ltr'><strong>,monogamorum</strong></span> <span class='ocrx_word' id='word_1_404' title='bbox 965 4050 1117 4128; x_wconf 74' lang='lat' dir='ltr'><strong>absolutasn</strong></span> <span class='ocrx_word' id='word_1_405' title='bbox 1137 4059 1168 4111; x_wconf 81' lang='lat' dir='ltr'><strong>in</strong></span> <span class='ocrx_word' id='word_1_406' title='bbox 1244 4075 1284 4114; x_wconf 80' lang='lat' dir='ltr'><strong>err</strong></span> <span class='ocrx_word' id='word_1_407' title='bbox 1308 4055 1478 4133; x_wconf 84' lang='lat' dir='ltr'><strong>parentibus</strong></span> <span class='ocrx_word' id='word_1_408' title='bbox 1500 4055 1609 4117; x_wconf 75' lang='lat' dir='ltr'><strong>herese</strong></span> <span class='ocrx_word' id='word_1_409' title='bbox 1632 4060 1698 4119; x_wconf 80' lang='lat' dir='ltr'><strong>labe</strong></span> <span class='ocrx_word' id='word_1_410' title='bbox 1719 4059 1863 4133; x_wconf 64' lang='lat' dir='ltr'><strong>insessis,</strong></span> 
     </span>
     <span class='ocr_line' id='line_1_47' title="bbox 552 4131 1865 4214; baseline 0.008 -25"><span class='ocrx_word' id='word_1_411' title='bbox 552 4140 635 4207; x_wconf 75' lang='lat' dir='ltr'><strong>ignem</strong></span> <span class='ocrx_word' id='word_1_412' title='bbox 656 4133 763 4194; x_wconf 68' lang='lat' dir='ltr'><strong>Aulion</strong></span> <span class='ocrx_word' id='word_1_413' title='bbox 778 4131 830 4209; x_wconf 76' lang='lat' dir='ltr'><strong>ipsi</strong></span> <span class='ocrx_word' id='word_1_414' title='bbox 840 4134 958 4205; x_wconf 77' lang='lat' dir='ltr'><strong>injecit.</strong></span> <span class='ocrx_word' id='word_1_415' title='bbox 1093 4135 1165 4194; x_wconf 87' lang='lat' dir='ltr'><strong>ibid.</strong></span> <span class='ocrx_word' id='word_1_416' title='bbox 1244 4156 1316 4193; x_wconf 84' lang='lat' dir='ltr'><strong>cum</strong></span> <span class='ocrx_word' id='word_1_417' title='bbox 1353 4138 1383 4192; x_wconf 89' lang='lat' dir='ltr'><strong>in</strong></span> <span class='ocrx_word' id='word_1_418' title='bbox 1407 4133 1566 4195; x_wconf 80' lang='lat' dir='ltr'><strong>Polonianr</strong></span> <span class='ocrx_word' id='word_1_419' title='bbox 1594 4138 1751 4214; x_wconf 71' lang='lat' dir='ltr'><strong>rediisset,</strong></span> <span class='ocrx_word' id='word_1_420' title='bbox 1773 4141 1865 4200; x_wconf 89' lang='lat' dir='ltr'><strong>libel·</strong></span> 
     </span>
     <span class='ocr_line' id='line_1_48' title="bbox 512 4210 1864 4295; baseline 0.007 -22"><span class='ocrx_word' id='word_1_421' title='bbox 512 4210 653 4273; x_wconf 88' lang='lat' dir='ltr'><strong>XXXV.</strong></span> <span class='ocrx_word' id='word_1_422' title='bbox 680 4212 829 4293; x_wconf 79' lang='lat' dir='ltr'><strong>Dialogus</strong></span> <span class='ocrx_word' id='word_1_423' title='bbox 840 4213 877 4274; x_wconf 86' lang='lat' dir='ltr'><strong>de</strong></span> <span class='ocrx_word' id='word_1_424' title='bbox 902 4212 1051 4293; x_wconf 74' lang='lat' dir='ltr'><strong>fugiendis</strong></span> <span class='ocrx_word' id='word_1_425' title='bbox 1071 4215 1168 4275; x_wconf 87' lang='lat' dir='ltr'><strong>hono·</strong></span> <span class='ocrx_word' id='word_1_426' title='bbox 1246 4215 1312 4277; x_wconf 82' lang='lat' dir='ltr'><strong>luna</strong></span> <span class='ocrx_word' id='word_1_427' title='bbox 1333 4211 1469 4290; x_wconf 79' lang='lat' dir='ltr'><strong>scripsit,</strong></span> <span class='ocrx_word' id='word_1_428' title='bbox 1489 4219 1537 4273; x_wconf 87' lang='lat' dir='ltr'><strong>cui</strong></span> <span class='ocrx_word' id='word_1_429' title='bbox 1559 4220 1666 4278; x_wconf 86' lang='lat' dir='ltr'><strong>titulus</strong></span> <span class='ocrx_word' id='word_1_430' title='bbox 1682 4239 1771 4280; x_wconf 77' lang='lat' dir='ltr'><strong>erae:</strong></span> <span class='ocrx_word' id='word_1_431' title='bbox 1792 4241 1864 4295; x_wconf 81' lang='lat' dir='ltr'><strong>qua·</strong></span> 
     </span>
     <span class='ocr_line' id='line_1_49' title="bbox 553 4291 1863 4376; baseline 0.008 -27"><span class='ocrx_word' id='word_1_432' title='bbox 553 4291 664 4362; x_wconf 89' lang='lat' dir='ltr'><strong>ribus,</strong></span> <span class='ocrx_word' id='word_1_433' title='bbox 694 4295 730 4355; x_wconf 92' lang='lat' dir='ltr'><strong>ad</strong></span> <span class='ocrx_word' id='word_1_434' title='bbox 760 4292 942 4359; x_wconf 70' lang='lat' dir='ltr'><strong>bernardum</strong></span> <span class='ocrx_word' id='word_1_435' title='bbox 961 4292 1165 4373; x_wconf 76' lang='lat' dir='ltr'><strong>Navagerium</strong></span> <span class='ocrx_word' id='word_1_436' title='bbox 1243 4308 1327 4349; x_wconf 77' lang='lat' dir='ltr'><strong>tenus</strong></span> <span class='ocrx_word' id='word_1_437' title='bbox 1358 4312 1419 4349; x_wconf 80' lang='lat' dir='ltr'><strong>cum</strong></span> <span class='ocrx_word' id='word_1_438' title='bbox 1448 4292 1583 4354; x_wconf 65' lang='lat' dir='ltr'><strong>baeticis</strong></span> <span class='ocrx_word' id='word_1_439' title='bbox 1613 4318 1643 4355; x_wconf 83' lang='lat' dir='ltr'><strong>eo</strong></span> <span class='ocrx_word' id='word_1_440' title='bbox 1668 4302 1701 4357; x_wconf 63' lang='grc' dir='ltr'><strong>ἑκ</strong></span> <span class='ocrx_word' id='word_1_441' title='bbox 1727 4321 1805 4376; x_wconf 72' lang='lat' dir='ltr'><strong>regne</strong></span> <span class='ocrx_word' id='word_1_442' title='bbox 1836 4307 1863 4359; x_wconf 81' lang='lat' dir='ltr'><strong>ei</strong></span> 
     </span>
     <span class='ocr_line' id='line_1_50' title="bbox 550 4371 1863 4456; baseline 0.001 -28"><span class='ocrx_word' id='word_1_443' title='bbox 550 4373 750 4430; x_wconf 85' lang='lat' dir='ltr'><strong>avunculum.</strong></span> <span class='ocrx_word' id='word_1_444' title='bbox 1127 4392 1163 4431; x_wconf 70' lang='grc' dir='ltr'><strong>ιι</strong></span> <span class='ocrx_word' id='word_1_445' title='bbox 1247 4371 1404 4447; x_wconf 74' lang='lat' dir='ltr'><strong>verfiroduot</strong></span> <span class='ocrx_word' id='word_1_446' title='bbox 1424 4373 1509 4447; x_wconf 73' lang='lat' dir='ltr'><strong>efflt,</strong></span> <span class='ocrx_word' id='word_1_447' title='bbox 1525 4392 1558 4432; x_wconf 75' lang='lat' dir='ltr'><strong>,et</strong></span> <span class='ocrx_word' id='word_1_448' title='bbox 1589 4378 1716 4450; x_wconf 71' lang='lat' dir='ltr'><strong>quarterio</strong></span> <span class='ocrx_word' id='word_1_449' title='bbox 1736 4379 1783 4440; x_wconf 78' lang='lat' dir='ltr'><strong>r&#39;llr&#39;</strong></span> <span class='ocrx_word' id='word_1_450' title='bbox 1805 4381 1863 4456; x_wconf 79' lang='lat' dir='ltr'><strong>su.</strong></span> 
     </span>
     <span class='ocr_line' id='line_1_51' title="bbox 510 4447 1859 4523; baseline 0.005 -10"><span class='ocrx_word' id='word_1_451' title='bbox 510 4447 666 4513; x_wconf 85' lang='lat' dir='ltr'><strong>XXXVI.</strong></span> <span class='ocrx_word' id='word_1_452' title='bbox 688 4451 871 4513; x_wconf 80' lang='lat' dir='ltr'><strong>Cominium</strong></span> <span class='ocrx_word' id='word_1_453' title='bbox 903 4451 1046 4515; x_wconf 76' lang='lat' dir='ltr'><strong>Nodlium</strong></span> <span class='ocrx_word' id='word_1_454' title='bbox 1077 4451 1166 4511; x_wconf 89' lang='lat' dir='ltr'><strong>Vati·</strong></span> <span class='ocrx_word' id='word_1_455' title='bbox 1240 4449 1353 4523; x_wconf 70' lang='lat' dir='ltr'><strong>giardi.</strong></span> <span class='ocrx_word' id='word_1_456' title='bbox 1395 4512 1398 4517; x_wconf 69' lang='grc'>,</span> <span class='ocrx_word' id='word_1_457' title='bbox 1786 4464 1859 4522; x_wconf 91' lang='lat' dir='ltr'><strong>ibid.</strong></span> 
     </span>
     <span class='ocr_line' id='line_1_52' title="bbox 548 4524 1860 4619; baseline 0.009 -25"><span class='ocrx_word' id='word_1_458' title='bbox 548 4551 716 4603; x_wconf 83' lang='lat' dir='ltr'><strong>tanarum,</strong></span> <span class='ocrx_word' id='word_1_459' title='bbox 732 4532 873 4614; x_wconf 80' lang='lat' dir='ltr'><strong>scriptum</strong></span> <span class='ocrx_word' id='word_1_460' title='bbox 895 4532 1025 4603; x_wconf 79' lang='lat' dir='ltr'><strong>Romae,</strong></span> <span class='ocrx_word' id='word_1_461' title='bbox 1054 4535 1159 4609; x_wconf 81' lang='lat' dir='ltr'><strong>jucun·</strong></span> <span class='ocrx_word' id='word_1_462' title='bbox 1204 4524 1320 4597; x_wconf 82' lang='lat' dir='ltr'><strong>XLVI·</strong></span> <span class='ocrx_word' id='word_1_463' title='bbox 1344 4531 1484 4594; x_wconf 77' lang='lat' dir='ltr'><strong>bernardi</strong></span> <span class='ocrx_word' id='word_1_464' title='bbox 1506 4534 1669 4619; x_wconf 81' lang='lat' dir='ltr'><strong>Navagerii</strong></span> <span class='ocrx_word' id='word_1_465' title='bbox 1687 4541 1860 4607; x_wconf 71' lang='lat' dir='ltr'><strong>codnms</strong></span> 
     </span>
     <span class='ocr_line' id='line_1_53' title="bbox 1721 4619 1819 4695; baseline 0.02 -16"><span class='ocrx_word' id='word_1_466' title='bbox 1721 4619 1819 4695; x_wconf 61' lang='lat' dir='ltr'><strong>Vlla,</strong></span> 
     </span>
    </p>
   </div>
   <div class='ocr_carea' id='block_1_5' title="bbox 0 0 2018 5710">
    <p class='ocr_par' dir='ltr' id='par_1_14' title="bbox 0 0 2018 5710">
     <span class='ocr_line' id='line_1_54' title="bbox 0 0 2018 5710; baseline 0 8"><span class='ocrx_word' id='word_1_467' title='bbox 0 0 2018 5710; x_wconf 95' lang='lat' dir='ltr'><strong> </strong></span> 
     </span>
    </p>
   </div>
  </div>
 </body>
</html>
