4028 5710
591 392 624 471 4
738 341 834 441 Du
878 341 1229 441 Cnvrrour
1263 332 1655 437 Anuraaunn'

516 518 664 605 Deua,
692 511 769 594 boc
795 509 849 593 est
869 508 1164 592 instrumentum
1184 507 1414 588 divinorum
1441 505 1747 608 beneficiorum,
1780 512 1866 619 qui.
1989 568 1991 571 -

516 627 586 706 bus
610 622 672 705 alii
699 622 964 729 erudirentur,
991 640 1031 697 et
1057 616 1235 701 meliores
1258 614 1426 720 fierent3
1456 620 1644 715 civitates,
1681 622 1866 730 respubli.

412 764 414 767 ·
518 764 573 816 cae
597 742 756 845 ,regna
785 730 858 839 ipsa
887 730 1214 839 conservarentur.
1250 724 1308 804 Vt
1334 750 1460 807 aurem
1488 724 1699 821 beneficum
1724 732 1867 816 animal

516 844 640 925 homo
666 842 956 925 beneficentiam
989 837 1215 921 extenderet
1243 833 1347 915 suam
1378 890 1392 932 ‚
1416 862 1456 917 et
1482 864 1527 917 ea
1562 846 1645 943 ‘quae
1686 839 1872 925 divinitus

515 960 552 1034 ci
582 946 753 1039 concessa
779 952 859 1031 sunt
883 964 1069 1045 munera,
1106 945 1326 1048 ingenium,
1352 942 1563 1049 judicium,
1588 948 1774 1043 variarunt
1813 980 1875 1034 re.

513 1090 601 1146 rum
623 1064 813 1151 scientias,
839 1058 973 1165 quibus
997 1054 1058 1134 alii
1084 1053 1295 1146 dodioret,
1322 1077 1362 1132 er
1375 1053 1550 1135 meliores
1576 1054 1660 1136 fieri
1712 1053 1865 1159 oslent,

515 1158 840 1263 communicaret,
865 1163 1201 1249 divinobeuefict'o
1234 1184 1342 1240 notae·
1368 1164 1578 1266 quaedam,
1606 1081 1745 1268 quudbs'
1772 1193 1883 1276 prac-

513 1280 690 1379 {lanrium
726 1281 898 1359 virorum
930 1271 1096 1354 dostrina
1120 1272 1165 1350 ad
1178 1266 1448 1391 posteritatem
1480 1275 1594 1350 etiam
1613 1281 1858 1381 perveniret,

517 1374 686 1498 sepertae
707 1374 811 1482 stim,
833 1364 1249 1515 ipipdmerpdorujqud
1277 1372 1465 1495 llbr'qr'urp
1491 1376 1563 1471 a'rr'
1587 1381 1633 1461 a'd
1656 1380 1764 1485 usum
1791 1378 1858 1495 uo

514 1490 596 1580 caii
620 1486 750 1603 c‘oepta
771 1492 858 1584 'elli
883 1494 969 1572 crini
992 1515 1100 1572 antea
1119 1516 1155 1569 in
1177 1494 1328 1596 papyro
1343 1496 1381 1584 ζ
1395 1516 1438 1569 ac
1462 1493 1499 1570 in
1521 1488 1750 1574 membranis
1780 1500 1866 1600 ciui}

514 1606 674 1689 busdam
703 1626 950 1686 monumenta
976 1601 1169 1683 literarum
1204 1596 1482 1679 custodirentur
1506 1628 1522 1689 ,·
1551 1622 1633 1701 quae
1663 1628 1750 1683 cum
1779 1632 1862 1687 non

517 1721 571 1797 ita
595 1702 704 1795 facile
728 1713 774 1793 ad
798 1710 1050 1819 plurimorum
1072 1722 1203 1787 manus
1224 1708 1487 1814 pervenirem,
1510 1706 1712 1792 do'llorurb
1745 1710 1865 1795 bomi-

520 1853 617 1906 num
643 1848 821 1923 numerus
844 1817 971 1899 multo
992 1823 1118 1899 minor
1138 1815 1235 1895 fuit.

576 1963 613 2014 a.
651 1932 758 2015 Num
790 1954 916 2011 autem
947 1923 1235 2035 praestantiores
1261 1928 1301 2007 in
1332 1925 1437 2006 omni
1475 1924 1673 2011 literarum
1714 1957 1862 2039 genere

512 2037 821 2146 exstiterint,qiri
836 2044 929 2120 ‘ante
948 2044 1135 2118 inventam
1157 2044 1279 2116 artem
1302 2036 1644 2141 imprimendorum
1670 2038 1858 2122 librorum
1945 2099 1949 2105 -

516 2147 734 2235 floruerunt
753 2176 874 2257 ,non
909 2145 993 2229 satis
1029 2143 1225 2250 explorata
1247 2169 1308 2224 res
1344 2140 1419 2240 est,
1447 2146 1563 2224 immo
1596 2148 1710 2230 dubia
1730 2149 1868 2232 valde.

514 2287 605 2343 nam
628 2259 738 2340 multi
764 2272 850 2339 cum
875 2260 911 2337 in
934 2250 1242 2363 praestantissimos
1268 2252 1385 2333 libros
1407 2252 1619 2339 'inciderent
1642 2316 1656 2357 ,
1683 2258 1770 2340 illos
1797 2258 1865 2338 de-

516 2369 767 2467 scribebant,
793 2390 832 2448 et
853 2368 1049 2446 memoria
1069 2363 1134 2444 illa
1166 2366 1313 2444 ratione
1337 2365 1677 2455 commendabant:
1704 2376 1743 2448 in
1770 2366 1866 2447 deli:

518 2480 659 2586 gendis
684 2481 799 2558 etiam
822 2475 924 2556 libris
957 2473 1188 2579 diligentiam
1213 2469 1463 2568 adhibebant,
1491 2501 1538 2551 ne
1563 2481 1601 2556 in
1624 2475 1735 2556 rebus
1760 2477 1866 2557 mini·
1966 2554 1974 2569 ,

518 2596 584 2681 pie
619 2580 854 2683 necessaria,
879 2609 919 2662 et
942 2602 1018 2665 uon
1045 2583 1251 2663 admodum
1277 2579 1466 2683 utilibus,
1493 2585 1867 2690 tempusrcorisuluea
1936 2580 1945 2595 “

517 2717 633 2789 trent,
661 2718 701 2773 et
727 2697 882 2772 minimo
909 2712 997 2769 cum
1034 2687 1158 2770 fruun
1182 2687 1419 2770 laborarent.
1447 2680 1524 2771 Vbi
1547 2718 1639 2773 vero
1663 2720 1741 2775 tam
1776 2676 1867 2775 saci·

515 2802 668 2883 le'libri
688 2802 852 2905 imprimi
881 2823 1089 2904 cmperunt
1114 2851 1129 2892 ,
1167 2797 1391 2902 amputanda
1430 2801 1600 2905 quedam
1617 2801 1794 2885 luxuries
1814 2807 1871 2883 itr-

490 3004 494 3011 ,
516 2914 721 3020 geniorum
752 2912 928 3019 apparuit
959 2941 968 2989 r
1007 2905 1225 3011 scripturire
1254 2905 1519 3015 quamplurimi
1540 2934 1743 3018 coeperunt
1767 2940 1794 2991 r·
1818 2917 1872 2992 irr-

513 3048 613 3129 gens
640 3019 827 3102 librorum
856 3021 964 3124 copia
991 3013 1264 3122 rempublicam
1288 3013 1490 3096 literarium
1516 3018 1735 3124 perturbat:
1757 3016 1872 3102 libro·

520 3158 609 3210 rum
640 3128 879 3213 multitudine
921 3128 1202 3233 opprimimur,
1237 3148 1299 3206 aut
1331 3125 1460 3206 saltem
1496 3125 1717 3210 obruimur.
1744 3126 1872 3228 Hinc,

517 3241 546 3319 'a
572 3241 825 3346 grammaticis
864 3237 988 3318 nescio
1027 3231 1165 3340 quibus
1194 3239 1233 3315 in
1256 3256 1337 3314 arte
1359 3233 1548 3318 rhetorica
1567 3239 1875 3320 versantediros

516 3346 638 3431 libror
658 3350 711 3453 pii
733 3350 801 3428 viri
827 3370 1079 3453 queruntur,
1116 3343 1252 3453 quibus
1285 3342 1440 3426 ecclefia
1469 3346 1588 3431 santia
1617 3350 1692 3431 Dei
1726 3372 1872 3457 pertur-

516 3458 609 3541 bata
630 3456 717 3555 est,
744 3481 935 3537 renovata
959 3453 1115 3536 haereses
1142 3511 1156 3551 ,
1196 3454 1522 3536 innumerabilium
1554 3458 1768 3538 mortalium
1790 3480 1873 3537 cor-

496 3592 633 3673 .rupta
655 3570 827 3674 ingenia.
845 3565 966 3668 Qas
994 3563 1047 3643 ob
1074 3558 1208 3647 caussas
1230 3565 1476 3673 disceptatum
1499 3563 1625 3660 ess,et
1644 3594 1719 3648 non
1742 3568 1869 3645 imme·

519 3684 626 3777 rito,
652 3674 843 3756 interdum
866 3675 965 3751 inter
988 3677 1100 3778 pios,
1124 3698 1164 3751 et
1204 3674 1373 3754 eruditos
1391 3678 1515 3771 viros,
1542 3671 1798 3782 profueritne,
1826 3701 1873 3755 au

517 3790 653 3897 potius
692 3781 858 3865 obfuerit
896 3779 1174 3890 typographica
1200 3784 1537 3886 imprimendorum
1561 3782 1746 3864 librorum
1784 3808 1873 3862 arr.

500 3918 611 3979 ¹nam
639 3916 679 3972 et
702 3918 789 3975 ante
817 3914 958 3972 tantam
982 3891 1215 3973 edendorum
1238 3888 1422 3973 librorum
1456 3890 1672 3973 facilitatem
1695 3892 1876 3972 sacrosan-

517 4006 582 4088 ua
610 4002 720 4087 biblia
743 4032 764 4084 a
789 4005 859 4110 piis
880 4003 969 4081 viria
995 3997 1152 4083 studiose
1185 4001 1435 4110 legebantur,
1460 4028 1501 4083 et
1528 4004 1805 4083 commentariis
1826 4000 1869 4079 il-

517 4113 768 4197 lustrabantur
796 4146 806 4193 t
834 4109 947 4195 santii
973 4109 1148 4193 dollores
1185 4107 1390 4220 Dionysius
1412 4114 1669 4220 Areopagita,
1696 4106 1877 4205 Basilius,

521 4244 687 4323 uterque
723 4226 972 4331 Gregorius,
1008 4223 1304 4314 Nazianzenus,
1342 4243 1383 4297 et
1413 4217 1627 4327 Nyslenur,
1653 4215 1878 4325 Chrysoslo-

525 4354 635 4420 mur,
664 4331 857 4436 Cyrillus,
886 4332 1144 4414 Damascenus
1171 4363 1191 4410 r.
1219 4328 1325 4409 sandi
1355 4331 1467 4407 etiam
1494 4328 1669 4414 doslores
1703 4324 1875 4408 ecclesia

522 4438 589 4543 qui
613 4435 731 4550 latine
754 4440 997 4546 scripserunt,
1025 4434 1274 4535 Ambrosius,
1300 4437 1586 4546 Hieronymus,
1623 4435 1877 4631 Augtglinua,

1763 4571 1820 4626 re·
