4028 5710
400 348 530 457 AD
597 269 1242 461 LECTOREM.
1400 274 1487 466 xo

151 536 229 669 quo
261 532 332 665 qui
356 528 499 666 paullo
531 534 636 661 fient
672 533 1004 651 moderatiores,
1046 540 1308 670 antiquorum
1362 546 1516 638 evr'ccm

153 670 326 787 dolent,
360 666 501 802 quibus
547 698 696 798 nempe
733 668 866 767 multa
888 672 1039 796 stire,
1085 702 1310 804 temporum
1345 682 1508 792 vitio,

153 847 234 903 non
266 804 450 936 licuerit3
482 813 554 942 qui
587 842 702 901 vcro
735 810 946 939 ingeniosos
979 845 1027 905 ac
1066 804 1205 903 liberos
1227 813 1280 935 se
1317 807 1373 940 (o)
1409 812 1509 939 effi,

156 940 214 1074 (ᾖ
247 934 392 1040 haberi
429 938 589 1036 volunt
601 1010 616 1059 ,
649 938 867 1041 clamitant
888 946 1071 1076 sepius,
1104 976 1309 1042 veterum
1346 945 1510 1041 illorum

147 1083 303 1209 fatuas
330 1074 575 1212 plerumque
606 1112 658 1178 ac
688 1074 840 1175 deliras·
861 1082 990 1210 fuiffe
1024 1076 1261 1198 dollriuas,
1292 1080 1350 1214 &l
1386 1085 1512 1211 nostro

157 1219 330 1312 demum
353 1211 493 1339 seculo
528 1210 750 1332 homines,
795 1247 1067 1353 tamquame
1114 1222 1308 1315 diuturno
1333 1222 1509 1345 stomno,

156 1353 221 1448 ad
254 1345 399 1445 cellsus
422 1343 796 1484 pbilofioploaudum
828 1362 1002 1449 excitari
1034 1352 1206 1486 capiffl’3
1232 1354 1415 1484 profedo
1436 1354 1513 1479 fili

158 1485 284 1581 multo
321 1485 441 1582 aliter
460 1490 730 1611 sentiendum
760 1489 832 1615 effi
870 1489 1133 1619 intelligeret.
1184 1491 1270 1584 Sed
1298 1489 1509 1585 videlieet

156 1659 206 1718 eu
239 1622 470 1754 tempestate
505 1624 529 1756 ζ
565 1652 821 1756 quamquam
857 1623 1005 1720 multis·
1030 1623 1362 1750 adverstmto'bus
1395 1604 1417 1741 )
1451 1633 1513 1722 ita

156 1765 317 1890 opinari
351 1766 510 1891 impune
543 1754 715 1856 licebat.
759 1765 858 1890 Qua
891 1791 1029 1856 tumen
1064 1764 1222 1892 opinio,
1256 1798 1392 1857 eorum
1413 1759 1508 1888 stel-

153 1928 238 1990 tem
274 1893 456 1991 levitati
502 1897 658 1992 mederi
702 1900 854 2026 poterit
887 1902 1063 2030 quinon
1096 1898 1186 1994 ideo
1219 1900 1380 2028 scruta
1421 1902 1513 2025 fisa

156 2023 421 2166 typographis
465 2035 678 2148 tradunt,
729 2034 844 2168 quod
883 2071 932 2129 ea
977 2031 1238 2166 jampridem
1271 2035 1334 2129 ad
1378 2031 1509 2131 umbi-

153 2167 275 2289 licum
303 2162 553 2299 perdulla,
599 2200 862 2295 accurateque
905 2173 1128 2303 castigata,
1173 2168 1382 2267 doliorum
1421 2178 1508 2266 eoi-

150 2339 291 2399 rorum
324 2304 488 2420 judicio
523 2302 854 2438 eornprolentur3
889 2308 976 2431 fid
1011 2301 1080 2400 loc
1117 2302 1360 2441 poeifflmum
1392 2309 1509 2431 confi-

151 2441 206 2538 lio
242 2437 471 2566 firilunt,
505 2472 551 2537 ut
587 2477 837 2572 quacumque
870 2444 963 2569 tpfis
999 2441 1221 2532 exciderint
1244 2508 1260 2552 ,
1283 2442 1395 2559 five
1428 2449 1505 2535 uti·

152 2576 241 2695 lia,
262 2581 374 2700 five
411 2575 558 2668 nullius
585 2582 735 2707 pretii,
775 2609 826 2667 eu
844 2576 999 2701 statim
1034 2571 1151 2667 edere
1172 2574 1395 2701 fistiuent3
1429 2612 1507 2708 quo

149 2718 333 2808 cwuire
364 2711 504 2838 neceffie
536 2708 636 2839 est,
670 2737 720 2804 ut
751 2708 914 2839 irfinctu
926 2778 941 2827 ,
976 2706 1206 2843 eademque-
1235 2715 1352 2805 inani
1390 2711 1423 2808 l'
1468 2751 1507 2807 o-

150 2886 249 2944 rum
280 2852 395 2977 copia
429 2838 681 2943 laboremus.
730 2846 818 2943 Sed
833 2861 940 2964 jam
975 2849 1037 2941 ud
1069 2846 1242 2975 astituri
1272 2848 1399 2975 noslri
1435 2887 1506 2946 ra-

148 2994 298 3082 tionem
323 2983 606 3113 exponendum
631 2983 870 3081 redeamus.
906 2990 1030 3076 Hunc
1052 2987 1136 3078 Va
1148 2990 1192 3075 L
1208 2988 1251 3076 E
1264 2987 1379 3099 Ros
1399 3022 1505 3079 com·

148 3123 400 3217 meritorium
434 3116 617 3248 adepti,
649 3128 692 3213 in
729 3126 918 3215 animum
964 3114 1245 3233 induximus,
1284 3124 1322 3211 ei
1342 3123 1506 3248 scriptu

150 3251 337 3388 qudam
364 3251 450 3349 atra
475 3253 1018 3376 ononocoooeroe
1044 3258 1514 3375 nemorosum

153 3390 402 3516 adjungerc3
432 3417 588 3515 tempus
611 3389 837 3513 advenisse
867 3387 1145 3509 existimantes
1183 3420 1258 3513 quo
1282 3388 1538 3515 obligatum·

150 3529 278 3618 PAS
294 3530 395 3616 CH
407 3532 449 3616 A
463 3531 508 3616 L
521 3528 547 3615 I
557 3528 592 3616 C
608 3534 643 3616 O
676 3515 817 3645 fidem
865 3512 1129 3611 liberaremus
1161 3582 1174 3610 .
1220 3525 1327 3613 Cum
1365 3551 1504 3618 autem

147 3660 602 3753 APOSTOLVS
657 3660 778 3748 ΖΕ
802 3657 1016 3767 WVS,
1062 3651 1138 3746 Ver
1174 3649 1504 3778 celeberrimus,

147 3798 526 3913 CAESARIS
572 3790 837 3920 Historicus,
870 3784 928 3919 ff
963 3794 1137 3904 Poita,
1188 3825 1308 3921 quem
1348 3786 1504 3892 leonoris

148 3935 282 4062 caufflc
315 3938 598 4043 nominamus,
624 3921 807 4022 nonniln'l
836 3926 888 4022 de
921 3929 1097 4055 cogitatis
1132 3926 1271 4054 nostris
1292 3929 1500 4055 audivis-

131 4071 234 4197 set,
294 4101 351 4162 ua
386 4065 443 4194 est
475 4067 612 4197 instgni
644 4094 739 4194 erga
770 4100 838 4156 nos
848 4135 865 4180 ,
899 4060 1110 4197 omnesque
1143 4056 1360 4158 literarum
1391 4074 1498 4199 cupi-

147 4207 220 4301 dos
255 4104 551 4317 inmunitate,
597 4193 738 4296 aullor
772 4195 882 4295 uobis
917 4197 1012 4322 fuit
1039 4222 1118 4328 per
1152 4192 1404 4327 epistolam,
1449 4236 1497 4298 ut

147 4342 629 4461 cooooooooeo
691 4337 1097 4452 toarcense
1137 4338 1424 4456 Vernae,
1470 4374 1498 4433 a

143 4480 195 4571 V
185 4487 228 4573 A
242 4484 286 4574 L
298 4484 341 4578 Ε
354 4480 435 4598 RI
444 4488 511 4592 O,
532 4474 685 4599 sororis
718 4486 806 4597 ejus
825 4468 948 4600 filio,
970 4467 1211 4702 ldiligentius
1245 4503 1374 4697 quae}
1393 4471 1500 4596 fiole-

1077 4645 1102 4701 2
1367 4632 1415 4695 at
1426 4671 1442 4716 ,
