4028 5710
492 455 653 591 modo
687 457 830 562 valde
864 458 1113 589 secundis,
1146 460 1332 566 redium
1370 453 1628 592 dignitatis
1663 457 1861 568 cursum

495 590 541 697 se
565 597 1076 703 tenerearbitrentur:
1112 631 1290 733 meque
1318 598 1472 705 etiam
1496 598 1747 703 irrideant
1769 598 1859 701 ho

496 734 691 835 minem
725 732 998 868 simplicem
1011 811 1035 855 ‚,
1078 738 1168 871 qui
1215 738 1465 870 probitate
1508 765 1662 870 atque
1714 735 1860 837 indu-

498 867 645 987 stria,
679 866 916 975 obsoletis
947 874 1056 1009 jam
1091 873 1323 1007 artibus(
1351 901 1406 975 ut
1441 872 1531 1008 ipsr
1567 864 1753 1009 ajunt)
1776 871 1860 975 ali-

497 1005 622 1137 quid
658 1005 839 1138 profici
872 1004 1006 1143 polle
1042 1009 1328 1112 confidam.
1381 1009 1523 1113 Hanc
1558 1041 1715 1147 porro
1737 1009 1861 1141 ‚opi-

499 1143 708 1245 nionem
744 1144 798 1245 in
845 1149 1095 1248 malorum
1143 1146 1329 1249 animis
1374 1147 1570 1279 penitus
1620 1146 1859 1268 insrtam,

499 1309 617 1377 vos
665 1282 869 1384 evellere
915 1285 1200 1404 convenit,
1245 1280 1398 1386 Vrur
1448 1283 1859 1412 Anemurium

498 1414 637 1543 quod
673 1444 732 1517 ut
764 1418 945 1540 lieret,
978 1416 1145 1525 sedulo
1182 1422 1347 1539 adhue
1390 1419 1583 1521 dedistis
1622 1450 1860 1552 operam,

499 1546 796 1656 dottiffimis·
827 1552 1349 1690 experientissimisque
1384 1554 1678 1657 hominibus
1713 1553 1861 1656 undi-

499 1718 598 1818 que
631 1693 963 1822 conquisitio,
997 1721 1048 1794 et
1093 1724 1279 1822 magna
1326 1689 1546 1792 mercede
1588 1690 1859 1808 invitatis,

501 1821 590 1954 qui
624 1826 945 1959 juventutem
978 1831 1031 1930 in
1078 1828 1179 1930 hoc
1227 1827 1608 1930 celeberrimum
1660 1825 1743 1925 ΡΑ
1761 1856 1861 1927 Ta-

500 1990 719 2062 vruvur
764 1964 1193 2085 Gruunsrvn,
1227 1992 1486 2096 tamquam
1521 1965 1583 2065 ad
1618 1982 1864 2064 mercatu-

501 2125 609 2196 ram
644 2100 893 2205 bonarum
928 2103 1158 2221 artium,
1194 2100 1570 2220 confluentem,
1604 2101 1860 2234 p‘raeceptis

499 2230 599 2334 suis
635 2237 908 2359 erudirent,
946 2266 1092 2372 atque
1129 2238 1386 2339 utiliorem
1420 2236 1706 2370 reipublicae
1752 2239 1863 2357 red-

501 2369 700 2474 derent.
736 2375 937 2479 Horum
964 2375 1197 2505 vestigia,
1235 2373 1269 2472 sr
1305 2373 1473 2475 minus
1508 2375 1720 2503 ingenio
1757 2369 1865 2506 pos·

502 2501 613 2605 sum
650 2514 837 2654 (quod
869 2512 1002 2612 mihi
1038 2513 1279 2640 exiguum
1308 2505 1413 2611 sane
1452 2540 1677 2613 anatura
1703 2509 1864 2615 tribu-

502 2667 617 2742 tum
650 2642 717 2743 est
741 2635 763 2765 )
790 2671 839 2742 at
874 2645 1117 2775 pertinaci
1153 2643 1347 2758 studio,
1376 2647 1555 2743 affidua
1580 2645 1865 2744 meditatio

501 2805 605 2894 ne,
655 2772 947 2912 inexplebili
993 2776 1201 2877 demum
1250 2771 1526 2908 cupiditate
1573 2776 1859 2895 literarum,

502 2910 726 3048 persequi
759 2945 963 3016 mecum
996 2907 1095 3044 ipse
1136 2912 1366 3015 decrevi.
1425 2907 1655 3010 Multum
1692 2913 1863 3042 quoti·

501 3046 582 3148 die
617 3051 857 3182 temporis
895 3052 950 3150 in
983 3052 1090 3188 jure
1116 3046 1289 3164 civili,
1321 3045 1634 3179 aliquantum
1669 3043 1723 3145 in
1753 3046 1862 3180 phi-

502 3177 751 3318 losophia,
785 3184 1052 3320 ceterisque
1089 3178 1357 3319 disciplinis
1392 3216 1504 3317 quae
1537 3184 1662 3321 juris
1696 3182 1862 3289 civilis

503 3315 760 3423 seientiam
793 3351 1083 3441 exornant,
1134 3322 1240 3459 jam
1274 3319 1391 3422 inde
1426 3354 1456 3420 a
1500 3319 1663 3453 prima
1703 3318 1863 3420 adole-

500 3454 680 3559 scentia
706 3489 890 3590 ponere
924 3456 1096 3561 solitus
1123 3459 1263 3561 sum:
1298 3491 1405 3560 non
1441 3455 1507 3556 est
1539 3484 1708 3556 autem
1737 3488 1860 3556 meae

504 3593 846 3711 verecundiae,
881 3595 1005 3727 quid
1036 3596 1186 3694 tantis
1234 3594 1495 3695 conatibus
1531 3585 1862 3725 profecerim,

504 3729 760 3869 judicare.
807 3729 929 3832 Peto
985 3732 1141 3859 igitur
1188 3761 1216 3827 a
1262 3726 1467 3830 Vours
1514 3727 1757 3860 majorem
1808 3726 1863 3828 in

505 3866 748 3983 modum,
781 3862 936 3968 V1u1
972 3867 1471 3984 Annr1s51M1,ut
1508 3863 1659 3966 studia
1694 3862 1859 3966 nostra

340 4067 345 4075 ·
507 4037 575 4104 ex
609 4000 777 4105 abdito
811 4001 867 4103 iu
914 4000 1243 4138 conspedlum.
1278 4002 1548 4103 hominum
1593 4001 1859 4134 lucemque

505 4140 707 4242 trahatis
736 4217 752 4261 ,
782 4137 939 4273 idque
975 4137 1181 4244 Vours
1229 4135 1593 4275 persuadeatis,
1639 4139 1861 4270 copiolas

506 4307 637 4376 meac
672 4308 886 4395 omnes,
925 4309 1043 4408 quas
1079 4275 1465 4412 praeceptoribus
1501 4273 1628 4374 olim
1665 4276 1904 4375 audien·

506 4410 609 4532 dis,
640 4412 818 4515 deinde
853 4447 885 4514 o
896 4413 1077 4548 primis
1114 4414 1252 4515 libris
1288 4408 1695 4545 pervolutandiS,
1730 4440 1866 4510 exer·

804 4565 820 4617 '⁴
1275 4572 1280 4581 '
1684 4577 1797 4647 cen·
