4028 5710
579 366 638 461 36
716 335 809 436 Da
844 326 1629 435 Cnv,nroun.,Anurununa

506 513 575 595 Iud
599 537 696 619 opus
720 505 1133 616 perficere.iogenium
1158 528 1310 598 meum,
1343 527 1406 584 aut
1434 505 1560 610 potius
1571 499 1766 580 luxuriem
1787 494 1884 582 md

509 623 651 728 ingenii
680 617 876 710 accusem,
905 637 979 720 qua
1023 613 1093 705 fit,
1120 638 1165 691 ut·
1187 615 1293 695 novis
1313 612 1500 718 opusculis
1524 609 1804 714 excogitandis,
1827 635 1881 691 et

507 731 614 815 novis
634 727 794 813 foetibus
818 723 1015 831 gignendis
1039 717 1210 800 delesler
1228 719 1516 820 incredibiliter,
1545 717 1594 798 ab
1619 716 1785 822 hisquae
1801 745 1880 800 ex.

510 840 672 947 ¹cogitaui
696 893 711 929 ,
738 832 998 942 perficiendis,
1024 854 1065 910 et
1087 833 1206 909 'novis
1238 826 1401 914 sortibus.
1420 827 1653 934 expoliendis
1681 826 1873 932 quodam-

509 948 630 1027 modo
656 944 915 1026 abhorream.
1010 1012 1016 1019 .

561 1080 629 1161 44.
659 1058 765 1137 Dum
792 1054 842 1133 de
871 1048 1099 1131 cardinalatu
1127 1050 1300 1129 nuntium
1347 1051 1506 1156 accepi,
1532 1045 1702 1126 homilias
1734 1047 1876 1128 scribe-

508 1169 599 1250 bam
619 1170 658 1243 in
682 1161 844 1268 passione
867 1163 1028 1243 Domini
1052 1216 1068 1254 ,
1092 1181 1169 1262 quo
1193 1160 1230 1237 in
1256 1184 1403 1263 genere
1427 1158 1679 1263 quadraginta
1706 1158 1875 1262 amplius

509 1278 587 1380 jam
619 1267 852 1377 conscripsi,
890 1267 1027 1349 Caroli.
1056 1265 1267 1348 Cardinalis
1293 1263 1405 1348 notin
1429 1263 1580 1348 hortatu
1608 1327 1618 1345 .
1663 1268 1702 1345 in
1739 1271 1875 1351 animo

512 1387 628 1465 etiam
666 1376 872 1461 habueram
903 1376 1035 1463 mttltas
1077 1374 1162 1456 alias
1188 1374 1327 1457 eodem
1353 1381 1393 1459 in
1419 1403 1562 1482 genere
1604 1373 1867 1472 conscribere,

516 1519 604 1574 cum
636 1489 743 1571 locos
784 1485 969 1571 haberem
1010 1486 1048 1564 in
1080 1509 1258 1589 promtu,
1285 1485 1420 1589 quibus
1444 1482 1708 1567 clementissimi
1747 1490 1872 1591 patris

512 1604 590 1685 Dei
615 1599 752 1679 auxilio
785 1597 1056 1701 quinquaginta
1075 1594 1163 1673 alias
1192 1596 1339 1699 possem
1367 1593 1476 1675 facile
1502 1593 1642 1676 dissere
1668 1654 1678 1673 .
1718 1618 1792 1699 qna
1831 1600 1870 1675 in

514 1712 711 1817 scriptione
745 1698 950 1815 (ingenue
988 1701 1144 1801 sateor)
1172 1726 1312 1783 tantam
1339 1706 1448 1785 animi
1475 1702 1710 1811 voluptatem
1749 1700 1873 1800 sensi,

514 1834 695 1925 ¹quantam
729 1843 777 1898 ex
803 1813 902 1895 nulla
924 1813 1015 1893 alia.
1043 1814 1188 1889 utinam
1211 1813 1398 1893 concedat
1429 1810 1519 1893 mihi
1543 1816 1574 1891 is
1601 1817 1639 1893 in
1661 1812 1766 1916 cujus
1795 1840 1873 1893 rna

515 1957 568 2012 nu
588 1932 665 2009 vita
690 1952 728 2007 et
753 1952 856 2007 mors
878 1919 997 2030 posrta
1019 1917 1151 2015 esl,ur
1175 1920 1221 2001 ad
1248 1921 1393 2003 easdem
1415 1922 1679 2003 meditationes
1701 1923 1872 2019 redeam,

517 2062 558 2118 et
580 2038 695 2119 morti
724 2041 917 2142 proximus
942 2030 1105 2110 mediter
1138 2031 1345 2135 palstonern
1370 2028 1540 2128 Cluissi,
1583 2029 1719 2113 dislem
1748 2058 1871 2113 extre-

517 2160 584 2227 mo
608 2172 701 2225 meae
723 2150 808 2225 vitae
830 2166 1006 2246 tempore
1030 2139 1078 2221 de
1102 2140 1266 2246 passione
1293 2145 1450 2225 Domini
1480 2142 1693 2222 sermones.
1724 2143 1869 2224 Eisdem

517 2252 707 2341 mensibus
735 2310 748 2350 ,
775 2280 838 2335 aut
876 2249 1005 2359 paullo
1036 2275 1145 2345 ante,
1170 2249 1318 2333 libellus
1345 2250 1418 2331 suit
1446 2251 1567 2331 editus
1602 2251 1650 2331 de
1686 2253 1869 2362 episcopis

518 2362 795 2449 Veronensibus
822 2361 887 2443 snb
912 2386 1001 2439 meo
1031 2363 1207 2461 nomine,
1236 2384 1314 2464 quo
1347 2364 1385 2441 in
1412 2355 1610 2443 scribendo
1636 2360 1867 2443 sacerdotum

519 2504 546 2561 o
575 2479 754 2559 timorum
793 2471 1023 2580 diligentia,
1050 2495 1089 2547 et
1114 2463 1303 2549 laboribus
1339 2470 1489 2574 adjutus
1521 2471 1601 2550 sum
1630 2469 1736 2552 valde
1756 2527 1770 2568 ,
1794 2472 1870 2554 Ra-

463 2580 468 2585 ’
519 2501 664 2691 pbaelis
689 2584 873 2686 Bagatae,
896 2603 936 2659 et
963 2581 1110 2665 loannis
1140 2576 1314 2686 baptistae
1339 2581 1509 2662 Peretti.
1574 2624 1579 2631 ·
1751 2612 1755 2619 ·
1805 2586 1822 2657 ἶ.

575 2713 642 2794 45.
670 2688 780 2770 Cum·
796 2686 912 2771 fassus
940 2686 1058 2764 esrem
1083 2687 1425 2785 Cardinalis,mlsn
1449 2691 1495 2771 ad
1520 2717 1581 2769 rne
1606 2689 1871 2812 CptolurGar-

522 2799 651 2881 dinalis
678 2795 798 2879 nosier
823 2797 1305 2894 Canontcnmuainun,
1332 2796 1489 2903 quinon
1510 2798 1633 2881 musto
1656 2795 1738 2903 posi
1761 2826 1872 2904 regu.

523 2907 599 2988 lam
616 2904 802 3012 'seraphici
834 2908 949 3010 patris
989 2904 1166 2985 Francisci
1186 2905 1387 3010 professus
1412 2907 1464 2991 est
1499 2914 1594 2988 inter
1620 2914 1868 3014 Capparinos:

522 3020 671 3099 monuit
713 3043 760 3096 ne
787 3014 975 3106 Veronae,
1003 3010 1109 3112 cuius
1138 3015 1354 3121 ¹episcopus
1391 3017 1635 3113 nominabat,
1663 3018 1870 3099 Cardinasis

522 3124 639 3209 fastus
665 3121 923 3224 obliviscerer3
952 3119 998 3199 ab
1034 3120 1192 3205 ecclesia
1220 3130 1278 3205 cui
1306 3127 1447 3209 multos
1482 3155 1597 3209 annos
1626 3125 1870 3232 praesumam,

523 3226 785 3340 nuncuparet:
814 3237 912 3312 inter
936 3231 1129 3315 missarum
1158 3231 1334 3318 solemnia
1356 3239 1532 3321 audiente
1561 3238 1731 3319 universo
1757 3262 1871 3346 popu-

523 3340 589 3440 lo,
617 3342 664 3425 de
693 3371 812 3429 onere
837 3341 1084 3435 cardinalatus
1110 3343 1225 3424 verba
1246 3345 1439 3430 facerem.
1467 3349 1615 3431 secutus
1642 3346 1721 3429 surn'
1743 3347 1872 3453 gravis·

522 3450 607 3537 fimi
632 3455 699 3534 viri
728 3478 768 3533 et
792 3451 1038 3560 sapientissimi
1063 3453 1274 3536 Cardinalis
1295 3456 1510 3558 consilium,
1539 3455 1746 3539 sansiorum
1770 3459 1872 3539 luno·

520 3565 691 3643 centium
719 3563 807 3656 die,
834 3584 913 3665 quo
939 3560 1122 3645 birretum
1145 3564 1301 3645 rubrum
1328 3565 1472 3674 insigne
1499 3565 1747 3648 cardinalatus
1774 3565 1866 3644 milti

525 3671 680 3753 allatum
709 3668 794 3767 est,
821 3672 860 3748 iu
886 3696 1024 3776 magna
1052 3672 1182 3781 populi
1215 3673 1462 3779 frequentia,
1492 3675 1734 3784 presentibus
1761 3679 1870 3777 magi

525 3778 782 3874 stratibus,de
806 3778 1005 3889 episcopali
1031 3807 1210 3877 munere,
1236 3785 1405 3890 itemque
1438 3785 1486 3866 de
1510 3787 1736 3867 cardinalitio
1757 3780 1870 3861 verba

524 3889 615 3992 feti,
649 3885 823 3969 hortatus
848 3889 924 3969 sum
947 3891 1135 3998 populum
1162 3919 1211 3972 ne
1241 3895 1364 3977 caussa
1392 3921 1479 3979 mea
1505 3895 1630 3977 latitia
1655 3890 1870 3995 exsultaret,

529 4020 657 4083 oraret
683 4002 811 4108 potius
844 4022 916 4105 pro
943 4029 1041 4092 me,
1068 4029 1116 4083 ne
1141 4006 1250 4083 tauris
1286 4002 1463 4085 oneribus
1492 4008 1696 4110 oppressus,
1713 4002 1873 4082 succum-

524 4108 682 4199 stttemr
712 4108 867 4205 scirent,
890 4109 968 4192 illas
993 4109 1092 4216 ipsas
1119 4135 1319 4299 campanas
1347 4111 1481 4218 quibus
1503 4115 1659 4198 Verona
1689 4114 1871 4210 tamrersa,

529 4215 695 4321 religiosi
718 4236 879 4315 omnes,
903 4245 942 4300 et
966 4223 1059 4298 item
1087 4244 1202 4325 paroc
1229 4225 1241 4299 i
1269 4222 1434 4305 letitiam
1462 4248 1511 4305 en
1537 4248 1627 4306 tneo
1652 4223 1874 4304 cardinasant

528 4321 914 4423 ostendebant›„non
944 4329 1086 4409 multos
1115 4327 1197 4435 post
1232 4357 1347 4413 annos
1372 4335 1590 4419 invitatores
1616 4333 1804 4443 populum
1831 4330 1873 4411 ad

531 4432 832 4540 prosequendum
863 4436 974 4551 sunus
993 4464 1131 4523 meum
1159 4497 1169 4521 .
1196 4461 1277 4545 quae
1299 4441 1478 4527 sentenn'a
1494 4442 1646 4525 ‚sedatis
1673 4443 1874 4525 admodum

1751 4575 1827 4630 ver·
