4028 5710
406 291 493 397 Iu
551 294 913 402 Eus'nuss
969 299 1282 407 Lintrs,
1387 345 1439 425 31

157 464 249 552 rnen
272 463 517 580 pestilentia,
542 467 645 574 q'uod
671 464 941 574 usurpabatur,
963 470 1213 579 perniciosum
1236 470 1438 576 putabam.
1461 478 1513 559 in·

151 606 219 663 ter
244 605 369 687 aegtos
389 577 561 662 versabar
589 573 760 684 quotidie
790 632 805 675 ,
843 580 1028 661 cessarunt
1050 604 1257 687 numquam
1285 583 1409 665 divina
1430 584 1511 667 offis

154 695 241 786 cia,
271 715 428 796 egomet
448 689 546 794 saepe
574 685 846 784 concionabar,
874 688 1126 774 sandiffimum
1154 694 1424 775 sacramentum
1445 722 1509 779 eu

155 795 334 883 charistia
364 804 404 879 in
431 797 627 905 publicum
653 792 1145 906 efferebam-,quadraginta
1161 798 1350 883 ‘horarum
1373 806 1511 883 orario
1593 841 1598 848 ·

157 937 245 993 nem
269 909 503 1010 indicabam,
529 905 702 989 audadier
730 904 884 989 fortusse
907 913 1090 990 nimiam:
1118 908 1181 991 sed
1205 907 1421 1001 audaciam,
1449 934 1512 991 aut

157 1022 294 1101 mortis
321 1038 558 1097 contemtum
580 1042 737 1112 meum,
766 1014 842 1099 five
868 1020 1066 1100 caritatem
1088 1046 1215 1102 meam
1239 1019 1279 1100 in
1298 1018 1512 1129 populum,

153 1131 224 1234 qui
250 1126 378 1204 animo
406 1121 592 1229 dejedius,
618 1151 659 1206 et
687 1124 791 1234 quafi
813 1124 1067 1211 consternatus
1091 1127 1433 1229 machamatus
1456 1125 1511 1211 est

155 1231 338 1343 probasse
371 1233 542 1315 dominus
562 1240 690 1341 Deus,
719 1265 808 1318 curn
833 1262 998 1345 quatuor
1023 1238 1207 1323 meusium
1234 1240 1354 1346 spatio
1381 1241 1507 1321 omnis

158 1337 373 1450 pestilentia
395 1341 546 1452 suspicio
569 1344 710 1425 sublata
734 1344 802 1443 stt,
828 1375 868 1430 et
897 1354 1172 1430 commercium
1198 1375 1287 1430 cum
1312 1351 1440 1430 vicinis
1461 1351 1509 1429 ci·

161 1449 335 1534 vitatibus
360 1453 526 1535 Veronae
553 1450 599 1535 stt
632 1453 869 1535 restiturum.
909 1460 968 1536 Eo
988 1482 1166 1563 tempore
1191 1453 1361 1538 libellum
1385 1480 1513 1562 quem·

157 1559 243 1642 dam
267 1562 465 1669 conscripsi
495 1559 674 1645 historico
702 1588 831 1662 more,
858 1567 1088 1671 quaomnia
1114 1590 1198 1670 quae
1220 1563 1293 1648 illis
1316 1562 1509 1648 menstbus

156 1671 411 1769 acciderunt,
438 1672 662 1780 complexus
693 1673 797 1754 sum.
836 1672 909 1756 fuu
942 1674 1064 1756 editus
1095 1672 1174 1756 fine
1207 1702 1299 1758 meo
1324 1678 1504 1761 nomine:

155 1782 301 1891 placuit
329 1780 520 1862 interdum
541 1781 648 1864 valde
671 1781 742 1868 ille
763 1783 935 1866 libellus.
973 1786 1069 1867 Non
1096 1783 1239 1868 multos
1263 1780 1348 1893 poll
1368 1786 1514 1869 menses

156 1888 362 1996 pestilentia
384 1887 599 1971 laboratum
622 1888 677 1974 est
698 1898 861 1975 maxime
885 1893 1120 1996 Mediolani,
1158 1919 1322 2004 cumque
1346 1894 1512 1978 Veronae

156 1998 310 2080 allatum
338 2000 655 2096 esset,Carolum
678 2002 919 2085 Cardinalem
944 2031 993 2085 ex
1014 2002 1086 2088 hac
1107 2003 1511 2113 vita·migrasse,dum

157 2112 270 2216 aegris
296 2109 507 2195 saudiffima
539 2110 771 2194 sacramenta
797 2110 1056 2212 ministraret,
1082 2121 1245 2196 maxima
1272 2114 1512 2197 lacrimarum

160 2223 271 2326 copia
300 2246 355 2297 ex.
370 2221 490 2301 oculis
516 2216 664 2302 effluxit
687 2228 805 2302 meis.
844 2220 1027 2325 jasiuram
1051 2247 1166 2324 quam
1193 2221 1334 2302 fecisset
1352 2214 1512 2328 Apollo

157 2327 228 2409 lica
251 2324 369 2408 sandia
390 2327 518 2421 sedes,
531 2350 646 2430 qtsam
669 2325 838 2410 fecissem
862 2326 1016 2435 ipse,et
1037 2328 1257 2409 nobilissima
1281 2332 1409 2406 ciuitas
1429 2329 1515 2407 Me.-

161 2436 382 2534 dioluuum,
408 2434 682 2542 cognoscebam
716 2440 893 2544 optime,
920 2462 958 2517 et
994 2435 1169 2516 omnibus
1197 2439 1262 2543 qui
1289 2435 1349 2518 ad
1368 2463 1432 2518 tue
1449 2459 1514 2535 vet

162 2546 341 2639 aiebant,
367 2543 740 2627 commemorabam.
779 2544 855 2628 Sed
877 2543 1046 2629 mirabile
1067 2543 1189 2628 didius
1229 2546 1322 2628 dum
1347 2546 1514 2628 maximo

160 2680 338 2737 tnoerote
366 2653 563 2740 consessus
584 2656 724 2752 essem,
748 2657 799 2738 ivi
826 2654 1022 2753 cubitum,
1048 2680 1088 2737 et
1114 2678 1202 2738 cum
1223 2654 1338 2738 fessus
1360 2655 1512 2736 dormis

157 2762 235 2847 sem
257 2765 553 2871 aliquantulum,
577 2768 752 2878 apparuit
785 2765 877 2847 milri
911 2770 950 2850 iu
975 2770 1110 2851 somnis
1136 2765 1199 2847 ille
1221 2764 1298 2872 ipse
1317 2791 1433 2872 quem
1454 2765 1510 2846 lu-

157 2886 316 2971 xeram,
338 2875 736 2960 CarolustCatdinalis
758 2878 1024 2974 Borromaeus,
1054 2874 1161 2956 utaltu
1185 2876 1394 2955 admodum
1423 2872 1512 2954 hita.

158 2989 214 3082 ti,
242 2989 307 3092 qui
330 3006 394 3066 me
416 3012 557 3094 magno
591 3010 767 3067 moerore
793 2985 1007 3069 confestum
1031 2983 1241 3064 dulcissimis
1263 2981 1443 3064 consolari
1461 2986 1512 3063 vi·

161 3094 323 3176 debatur
347 3092 496 3174 verbis.
524 3094 648 3198 Qod
671 3094 854 3174 somnium
878 3093 1221 3204 scripst,Scipionis
1245 3093 1429 3175 somnium
1441 3096 1512 3174 ite·
1583 3112 1585 3117 ⁴

161 3227 246 3283 rum
269 3207 471 3295 imitatus,
499 3226 539 3281 et
579 3201 699 3281 multo
720 3200 813 3280 milti
838 3208 959 3308 magis
994 3199 1135 3307 placuit
1159 3200 1238 3279 haec
1260 3200 1511 3281 lucubratiun-

162 3312 269 3408 cula,
296 3335 409 3416 quarn
435 3309 495 3389 illa
522 3331 633 3413 (ptam
656 3309 796 3387 multos
824 3334 912 3388 ame
937 3332 1054 3392 annos
1084 3304 1315 3410 conscripsi,
1345 3335 1432 3386 cum
1460 3313 1511 3387 vi.

160 3420 305 3501 distem·
319 3423 358 3500 in
381 3416 697 3499 somnis·Pettum
718 3416 955 3498 Franciscum
977 3414 1239 3497 Comarenum
1260 3412 1363 3496 urbis
1386 3416 1512 3497 Vene·

159 3554 209 3610 tae
230 3525 508 3640 patriarcham,
535 3552 575 3608 et
603 3525 726 3607 audivi
750 3524 890 3609 lesbum
913 3523 1022 3606 fuisse
1048 3523 1140 3605 illud
1164 3520 1349 3620 somnium
1376 3523 1423 3605 ab
1451 3553 1513 3606 eo·

158 3639 248 3721 dem
272 3636 417 3722 Carolo
440 3666 515 3733 non
538 3638 693 3718 minima
716 3664 804 3716 curn
832 3635 1057 3746 uoluptate.

217 3747 277 3854 38.
306 3752 476 3833 Monitus
511 3748 606 3856 saepe
627 3743 813 3828 fsserama
840 3749 910 3853 piis
937 3742 1124 3828 nonnullis
1153 3742 1448 3839 sacerdotibus,
1490 3767 1513 3823 a

160 3859 333 3955 devotis,
365 3883 404 3939 et
428 3854 673 3964 prudentibus
697 3854 917 3963 quibusdam
953 3853 1101 3936 feminis
1120 3853 1366 3936 vehementer
1388 3856 1515 3960 optari

162 3994 204 4050 ut
228 3965 616 4077 meis-scriptionibus
649 3964 817 4048 femineo
842 3966 939 4047 statui
962 3963 1226 4046 consulerem.
1253 3963 1418 4041 Veronae
1439 3965 1517 4067 epi

158 4081 316 4191 scopum
331 4104 602 4174 ,communem
626 4071 736 4179 hujus
761 4074 891 4183 populi
909 4099 1085 4184 patrem,
1108 4099 1186 4153 non
1207 4069 1327 4151 solum
1353 4068 1512 4176 publicis

161 4187 494 4286 sermonibus,sed
520 4187 634 4268 eriam
657 4183 892 4290 libellis,qui
913 4188 1051 4264 iterum
1063 4204 1179 4287 atque
1201 4185 1339 4261 iterum
1364 4178 1511 4291 perlegi
1534 4234 1538 4245 ι

163 4300 339 4410 possent,
364 4298 416 4381 illi
441 4296 634 4381 consulere
655 4294 796 4377 debere
820 4291 1019 4376 dicebant.
1062 4290 1165 4373 Cum
1188 4313 1348 4397 quatuor
1369 4288 1440 4372 sant
1459 4291 1511 4372 se.

165 4414 352 4494 minarum
389 4435 533 4521 genera
568 4412 607 4491 iu
638 4404 813 4493 omnibus
850 4400 1059 4486 civitatibus
1087 4397 1340 4514 (impudicas
1371 4403 1512 4609 ampti-

1334 4533 1418 4589 mus
