4028 5710
607 400 669 482 42
749 347 842 452 Dr
885 309 1232 450 Cntrtonn
1278 340 1670 441 Anutrrunn

540 530 624 638 quis
645 523 833 619 Homeri,
859 525 941 628 quis
966 517 1139 628 Virgilii,
1166 518 1249 625 quis
1273 514 1450 608 Horatii,
1472 510 1556 617 quis
1577 507 1740 593 aliorum
1764 514 1905 620 po'e’ta·

541 664 628 719 turn
649 634 778 716 laudes
798 632 834 712 se
855 632 979 737 speret
1003 631 1186 736 aequare?
1220 627 1271 708 Et
1291 625 1329 703 in
1352 620 1529 704 facultate
1541 620 1695 705 dicendi
1722 650 1809 707 cum
1820 625 1906 708 De·

541 743 760 839 mosthene,
787 767 875 821 cum
900 741 1097 836 Isocrate,
1123 763 1210 819 cum
1234 735 1425 816 Cicerone
1444 735 1529 837 quis
1557 727 1652 816 ausrt
1693 734 1906 821 contendo-

541 861 614 937 re?
651 849 847 938 Rhetotet
869 877 892 929 e
924 852 1050 956 regios
1078 844 1210 928 habuit
1234 846 1458 948 antiquitas.
1484 839 1645 926 Nullum
1674 844 1793 950 igitur
1812 843 1904 927 teli.

541 964 644 1048 ilum
675 961 805 1042 locum
829 877 1009 1042 scribendi
1037 954 1250 1067 praestantes
1276 956 1347 1033 viri
1376 951 1499 1033 solent
1525 948 1730 1033 defendere
1755 987 1766 1057 3
1796 955 1902 1037 inter

541 1098 639 1180 quos
661 1072 786 1155 fuerat
805 1068 1021 1152 Bernardus
1043 1068 1280 1173 Navagerius
1303 1062 1514 1145 Cardinalir
1537 1058 1741 1143 avunculus
1761 1088 1902 1169 meus5

543 1209 659 1290 quem
693 1182 851 1263 memini
873 1177 975 1260 hunc
1008 1176 1138 1258 locum
1171 1170 1396 1256 trasiantem
1424 1174 1462 1252 in
1498 1167 1744 1253 familiaribus
1773 1171 1899 1255 collo·

543 1294 642 1399 quiis
674 1314 738 1370 me
769 1284 944 1370 audivisse
985 1285 1116 1392 saepe,
1157 1282 1350 1366 interdum
1390 1285 1502 1362 etiam
1537 1271 1611 1362 eise
1647 1281 1899 1364 admiratum:

543 1424 774 1507 quamquam
798 1422 884 1476 cum
911 1418 1024 1475 aetate
1046 1393 1229 1502 procelli,
1244 1388 1454 1496 hujusmodi
1475 1390 1698 1475 sententiam
1726 1389 1898 1501 probate

542 1536 622 1591 non
648 1511 780 1617 potui3
807 1506 955 1586 excusat
981 1506 1083 1584 enim
1116 1498 1368 1615 praeliantium
1396 1504 1643 1608 ingeniorum
1670 1502 1896 1609 segnitiem,

544 1616 724 1699 defidiam
747 1616 870 1696 nescio
898 1639 1013 1721 quam
1041 1612 1130 1710 alit,
1155 1610 1392 1693 fertilitatem
1420 1608 1691 1691 excellentium
1722 1615 1896 1716 ingenio·

543 1754 629 1807 tum
656 1718 1059 1836 reprimit,honeslam
1080 1721 1320 1828 voluptatem
1346 1716 1533 1800 nobilibus
1554 1722 1710 1825 ingeniis
1735 1721 1894 1819 adimit,

543 1834 692 1917 familiis
722 1858 940 1925 ornamenta
975 1829 1120 1927 ausert,
1146 1832 1314 1910 civitates
1335 1831 1375 1906 in
1403 1828 1539 1934 quibus
1567 1832 1640 1908 otti
1674 1825 1748 1912 sint
1775 1830 1894 1938 aliqui

545 1942 712 2028 dos'ttina
734 1935 964 2025 excellentes
989 1943 1082 2035 viri,
1102 1937 1359 2044 jucundilhma
1381 1928 1566 2019 memoria
1594 1940 1739 2044 privat,
1767 1940 1895 2027 divina

544 2080 701 2137 munera
722 2109 737 2152 ,
761 2075 847 2159 quae
886 2079 962 2133 non
991 2041 1104 2131 cellat
1128 2049 1256 2155 largiti
1294 2048 1469 2155 dominus
1493 2049 1640 2148 Deus,
1668 2047 1793 2133 celare
1830 2054 1891 2134 oi·

542 2190 657 2246 utut.
762 2206 766 2215 ·
1823 2232 1829 2243 .
1869 2206 1887 2243 .·

596 2300 666 2381 53.
691 2275 741 2356 Et
764 2278 804 2356 in
825 2269 969 2384 philolo
998 2270 1057 2353 hia
1079 2265 1273 2381 pollillos
1299 2293 1395 2376 quot
1422 2269 1650 2370 nominavi,
1677 2267 1886 2379 pulcharis

542 2389 594 2463 mi
617 2385 809 2493 conscripti
837 2385 918 2465 sunt
946 2298 1029 2465 libri
1050 2385 1159 2464 variis
1182 2379 1298 2461 titulis
1322 2436 1336 2474 ,
1362 2404 1404 2458 ut
1429 2378 1493 2462 ille
1517 2404 1631 2487 quem
1652 2381 1702 2463 de
1723 2385 1887 2489 perenni

541 2490 779 2603 philosophia
815 2493 958 2600 scripsit
989 2492 1195 2602 Episcopus
1220 2486 1473 2596 Eugubiuus:
1510 2515 1550 2570 et
1588 2492 1750 2575 concivit
1776 2517 1886 2573 meus

542 2602 685 2711 Gaspar
706 2602 947 2683 Contarenus
973 2604 1021 2683 de
1047 2601 1243 2683 elementis
1271 2595 1567 2706 pulcherrimum
1587 2624 1687 2706 opus
1710 2600 1885 2708 reliquit.

542 2711 592 2790 Et
612 2708 697 2818 post
720 2708 882 2814 infignes
907 2707 1112 2815 theologos
1135 2733 1231 2812 quos
1265 2711 1563 2807 nominavimus,
1585 2713 1775 2816 Hugonet
1796 2739 1888 2795 cunt

541 2819 655 2900 laude
682 2819 927 2926 scripserunt,
953 2817 1142 2900 Tolladus
1169 2814 1367 2898 Abolenfis
1387 2819 1609 2928 episcopus,
1634 2844 1800 2924 uterque
1819 2827 1889 2904 sn»

540 2952 625 3028 tut,
650 2928 830 3026 Medion,
855 2952 896 3009 et
932 2926 995 3009 alii
1031 2923 1325 3034 quamplurimi,
1351 2933 1414 3033 qui
1436 2952 1513 3011 ¹aaut
1551 2951 1699 3011 mutato
1725 2930 1886 3031 ordine,

542 3064 610 3118 aut
638 3037 870 3120 diluciditate
892 3035 1039 3137 majore
1067 3033 1232 3118 adhibita
1255 3090 1270 3132 ,
1295 3038 1437 3143 ingenii
1467 3037 1524 3119 stri
1545 3034 1665 3121 foetus
1683 3065 1767 3123 nou
1788 3038 1885 3123 inse-

540 3148 663 3228 liciter
687 3148 908 3229 ediderunt.
947 3174 987 3227 et
1010 3171 1097 3228 ante
1122 3143 1193 3226 hos
1217 3144 1444 3227 admirabilis
1462 3145 1526 3230 ille
1549 3151 1605 3227 vir
1627 3146 1769 3231 sandius
1784 3152 1885 3233 uer·

540 3254 714 3354 nardus,
744 3281 858 3360 quern
894 3255 970 3341 hoc
1000 3256 1135 3339 saectrlo
1160 3254 1313 3337 videtur
1344 3254 1488 3337 referre
1515 3259 1678 3339 maitime
1705 3257 1884 3370 Aloysrus

540 3362 801 3449 Granatensts.
830 3368 933 3474 Qae
953 3366 1155 3449 avunculus
1183 3389 1315 3462 meus,
1335 3390 1377 3448 et
1397 3366 1572 3473 plerique
1594 3365 1654 3475 alii
1682 3369 1885 3472 gravissimi

537 3476 608 3557 'viri
635 3477 759 3558 dicere
789 3476 1096 3575 consueverunt,
1124 3474 1350 3583 persuadent
1386 3467 1631 3559 adhibendam
1655 3471 1737 3584 effe
1752 3485 1882 3565 cautio-

538 3608 624 3665 nem
648 3589 690 3666 in
701 3579 930 3687 scribendo,
956 3615 1032 3669 non
1058 3612 1214 3669 omnent
1238 3582 1420 3667 scribendi
1445 3581 1663 3669 industriam
1690 3589 1883 3693 adinum,

535 3720 607 3778 nec
633 3694 766 3774 credas
789 3697 1161 3806 velim,Navagetio
1188 3694 1532 3799 Cardinali,quem
1555 3719 1599 3778 tu
1623 3701 1736 3779 etiam
1760 3694 1880 3793 nolli,

536 3803 567 3887 st
596 3804 793 3901 voluisset,
819 3800 973 3886 defuisse
998 3808 1228 3916 ingenium,
1255 3829 1295 3883 et
1322 3809 1582 3912 cognitionem
1608 3813 1723 3889 etiam
1760 3804 1876 3911 pluri-

535 3940 684 3997 marum
710 3940 838 3995 terum
864 3915 911 3997 ad
937 3916 1114 4024 opuscula
1143 3912 1404 3996 conscribenda
1432 3913 1627 4015 plutima.
1665 3916 1740 3998 Sed
1765 3918 1877 3997 variis

538 4027 706 4130 usquea
740 4022 934 4127 juventute
964 4026 1025 4107 sua
1051 4026 1212 4135 publicis
1248 4023 1596 4131 occupationibus,
1624 4021 1875 4131 legationibus

536 4132 710 4238 plurimis
737 4158 810 4242 pto
840 4135 1030 4244 republica
1056 4138 1292 4244 impeditus,
1320 4160 1340 4212 a
1368 4134 1622 4242 scriptionibus
1648 4130 1881 4232 abhorruit,

536 4268 656 4322 novos
688 4249 804 4329 etiam
836 4245 953 4328 libros
994 4274 1073 4329 non
1111 4243 1273 4326 libenter
1307 4241 1493 4351 legebatt
1531 4242 1878 4353 lucubratiunculas

533 4376 638 4432 meas
669 4381 746 4434 non
773 4355 993 4464 respuebat,
1013 4358 1102 4465 quia
1125 4377 1234 4437 erant
1255 4354 1396 4435 sororis
1419 4353 1638 4462 filii,quem
1661 4382 1708 4439 ut
1728 4353 1876 4455 filium,

528 4483 572 4544 ut
601 4458 821 4570 discipulum
860 4464 1060 4574 diligebat.
1099 4462 1357 4552 Veroneosem
1384 4461 1489 4551 illum
1526 4490 1658 4551 meum
1690 4463 1875 4592 Frataslu

766 4642 768 4647 ,
1652 4646 1656 4653 .
1719 4600 1821 4658 trum
