4028 5710
383 347 886 457 luEuuuurs
947 353 1253 459 Lruurs.
1388 401 1420 483 7

117 507 328 624 considers
355 521 437 625 quis
459 517 673 628 hujusmodi
695 519 919 631 scriptiones
938 552 1016 608 non
1038 524 1247 607 admittar?
1275 528 1358 631 quis
1381 527 1491 609 indu·

120 632 262 719 siriam
294 652 431 712 eorum
457 656 537 714 non
565 629 696 713 laudet
726 635 790 736 qui
821 634 944 717 sacros
970 632 1087 715 libros
1112 634 1303 744 explicare
1341 661 1484 741 magno

124 740 286 837 sludio,
309 762 446 848 magna
480 738 673 849 diligentia
706 745 898 842 nituntur,
941 767 1168 851 quamquam
1193 740 1485 850 explicatoribus

125 846 329 935 veteribus
351 850 618 932 abundemus?
638 845 862 935 Adhibenda
882 854 1097 935 moderatio
1118 849 1171 934 est
1191 857 1227 934 in
1251 851 1487 1048 deterrendp‘p

128 956 355 1042 hominibus
382 957 645 1040 ascribendo:
673 955 874 1043 favendum
897 958 951 1044 esl
975 965 1104 1069 potius
1125 960 1306 1069 ingeniis:
1332 955 1434 1041 hone

128 1071 312 1177 voluptas
324 1065 565 1149 concedenda
582 1063 635 1150 eii
654 1067 919 1169 scribentibus,
933 1099 982 1152 ne
1005 1069 1186 1179 preclara
1211 1067 1386 1175 quaedam
1408 1092 1485 1149 ror·

131 1178 289 1289 pescant
310 1177 487 1283 ingenia,
510 1204 559 1258 ne
580 1175 731 1259 alterius
750 1185 924 1287 generis,
947 1205 987 1262 et
1009 1185 1130 1264 noxiis
1151 1177 1221 1261 illis
1243 1177 1404 1284 quidem
1422 1203 1484 1260 ro-

142 1281 353 1396 luptaribus
378 1310 694 1394 corrumpantur.
1236 1284 1240 1291 ’

194 1416 234 1493 7.
263 1393 360 1473 Haec
378 1394 474 1503 saepe
495 1420 671 1493 mecum,
698 1400 818 1481 amice
841 1401 1000 1485 candide
1021 1400 1135 1496 Silvi,
1154 1394 1413 1495 ,consideravh
1440 1421 1480 1476 et

150 1527 239 1583 cusu
280 1499 619 1585 sextumdecimum
657 1532 794 1586 urinum
830 1536 947 1614 agens
982 1509 1176 1588 Patavium
1212 1530 1276 1584 me
1311 1501 1481 1583 consulis·

141 1612 256 1709 sem,
292 1612 331 1692 in
367 1610 628 1699 nobilissimam
659 1611 764 1692 illam
801 1613 1055 1698 totiuseltaliae
1089 1614 1366 1708 Academiam,
1394 1633 1490 1690 tam-

143 1742 258 1827 quam
296 1719 346 1802 ad
379 1746 631 1803 mercaturam
665 1720 849 1804 bonarum
884 1729 1047 1822 artium,
1073 1722 1174 1806 sorte
1198 1719 1380 1816 fortuna,
1407 1718 1483 1800 hoc

140 1825 196 1913 est
221 1827 440 1935 disponente
458 1830 579 1934 Deo(
605 1856 674 1912 nos
695 1835 797 1913 enim
819 1836 970 1916 nomina
998 1829 1315 1931 casus,sortunae,
1342 1826 1407 1910 fati
1435 1829 1486 1911 ad

143 1962 337 2048 paternam
359 1941 437 2021 Dei
463 1940 736 2049 providentiam
757 1937 975 2039 referimus,
1004 1969 1075 2025 nec
1101 1939 1308 2023 efficientes
1347 1938 1495 2021 caussas

142 2045 252 2131 nobis
284 2046 458 2129 occultas
492 2047 573 2129 illas
612 2055 832 2157 putamus)
862 2049 1040 2158 fingulari
1072 2078 1169 2159 ergo
1188 2048 1376 2133 beneficio
1409 2051 1488 2131 Dei

143 2160 342 2264 contigit,
369 2181 487 2239 uteo
516 2157 596 2267 ipso
625 2181 803 2269 tempore
823 2161 1038 2244 bernardus
1065 2162 1303 2268 Navagerius
1327 2184 1489 2237 aruncu-

141 2268 201 2349 lus
225 2294 360 2362 meus,
383 2290 500 2371 quem
521 2291 564 2347 tu
595 2267 841 2349 Cardinalem
873 2265 991 2366 nolli,
1016 2274 1081 2371 qui
1119 2292 1158 2347 te
1192 2272 1301 2348 etiam
1327 2264 1488 2347 mirifice

127 2373 298 2469 dilexit,
325 2397 404 2478 quo
430 2398 608 2478 tempore
632 2375 776 2456 Carolo
799 2376 990 2458 Cardinali
1013 2381 1238 2459 Borromato
1261 2374 1308 2453 ab
1328 2369 1491 2478 epistolis

139 2509 250 2580 eras,
276 2484 416 2564 Patavii
440 2506 580 2589 praetor
604 2484 724 2563 esset.
752 2483 827 2562 Hic
851 2510 872 2562 a
894 2485 1057 2590 prandio
1090 2485 1312 2562 memoriter
1334 2504 1482 2588 partem

141 2591 349 2701 qsramdam
374 2593 706 2695 orationis,quam
732 2586 861 2671 habuit
886 2595 924 2672 in
950 2590 1085 2674 sunere
1106 2592 1270 2673 Andreae
1291 2589 1494 2673 GrirtiVe·

145 2706 226 2786 neti
247 2703 453 2808 principis,
482 2699 662 2807 prasente
683 2699 831 2781 Lazaro
850 2701 1081 2796 Eonamico,
1105 2705 1165 2782 cui
1188 2726 1251 2781 me
1272 2697 1493 2808 discipulum

141 2810 323 2908 dederat,
349 2813 541 2891 recitavit.
567 2808 679 2916 Ego,
705 2808 818 2907 Silvi,
844 2806 896 2891 sic
919 2810 1142 2895 avunculum
1168 2810 1374 2892 admiratus
1393 2809 1486 2904 sum,

141 2925 193 3025 ita
220 2916 420 3001 luminibus
441 2921 601 3026 ingenii,
626 2944 666 3000 et
689 2917 875 3027 elegantia
896 2920 1112 3018 sermonis,
1141 2943 1181 3000 et
1202 2924 1387 3026 gravitate
1416 2919 1491 2998 sen

142 3033 370 3123 sentiarum,
385 3028 519 3134 quibus
537 3028 600 3108 illa
624 3032 749 3107 oratio
774 3027 965 3112 abundare
987 3028 1079 3112 mihi
1102 3028 1175 3109 visa
1199 3024 1364 3124 esl,sum
1390 3051 1493 3105 com-

144 3160 301 3230 motus,
326 3141 378 3215 ita
403 3131 608 3215 domestico
630 3136 807 3244 exemplo
831 3139 877 3220 ad
901 3139 1012 3220 latine
1036 3134 1271 3218 scribendum
1295 3138 1495 3231 excitatus,

143 3270 188 3323 ut
215 3240 304 3326 nihil
329 3245 542 3350 cogitarem
565 3239 864 3343 vehementius,
892 3245 982 3327 nihil
1015 3243 1108 3325 mihi
1131 3250 1252 3351 magis
1281 3241 1425 3341 studio,
1452 3270 1493 3325 et

147 3348 341 3457 diligentia
363 3351 581 3431 enitendum
605 3358 760 3456 putavi,
784 3351 946 3455 quamsi
969 3356 1182 3431 orationem
1206 3354 1320 3429 etiam
1343 3358 1353 3430 i
1382 3354 1417 3431 se
1432 3352 1493 3430 ali·

145 3458 300 3566 quando
315 3458 454 3539 eodem
473 3462 512 3539 in
534 3484 677 3565 genere
697 3458 846 3565 possem
871 3456 1123 3540 conscribere.
1149 3460 1200 3541 Et
1221 3458 1309 3561 quia
1335 3378 1401 3537 islo
1413 3459 1493 3565 ipso

146 3568 212 3669 die
232 3565 444 3649 lisnebrium
470 3573 711 3666 orationum,
730 3592 824 3672 quas
844 3569 1018 3650 Andreas
1040 3568 1276 3673 Navagerius
1302 3564 1495 3664 habuerat,

144 3673 243 3760 falla
267 3674 389 3759 suerat
412 3681 579 3774 mentio,
606 3676 902 3762 &laudationes
925 3703 1100 3758 veterum
1134 3674 1340 3759 avunculus
1373 3701 1425 3756 eo
1456 3681 1495 3757 in

146 3810 288 3895 genere
322 3786 573 3883 laudaverat,
613 3785 715 3867 illam
753 3784 992 3894 Thucydidis
1019 3790 1252 3895 egregiam,
1291 3782 1496 3892 quamdam

144 3899 261 3977 eriam
281 3896 450 3978 Platonis
475 3898 513 3977 in
534 3896 773 3991 Menexeno,
795 3919 836 3976 et
860 3895 1051 3996 Isocratis,
1088 3924 1146 3976 uae
1167 3894 1373 3978 inscribitur
1403 3896 1503 3976 Eva-1

146 4029 286 4114 goras,
312 4031 353 4086 et
380 4008 634 4087 recentiorum
661 4009 774 4088 etiam
800 4005 1000 4109 quasdam,
1038 3920 1127 4086 nllus
1152 4004 1244 4085 mihi
1273 4002 1345 4086 suit
1368 4006 1491 4109 prius,

146 4137 421 4220 quamomnes
444 4119 659 4215 orationes,
685 4140 769 4222 quae
796 4141 848 4194 eo
872 4117 910 4195 in
932 4142 1072 4223 genere
1094 4115 1266 4223 scriptae,
1294 4136 1335 4193 et
1356 4109 1494 4194 habita

146 4221 322 4321 suerunt,
352 4226 602 4333 perquirere,
626 4226 762 4330 easque
790 4222 997 4305 admodum
1019 4220 1176 4304 studiose
1195 4219 1347 4327 legere.
1462 4238 1480 4259 '⁸

200 4332 242 4415 8.
273 4335 378 4416 Cum
411 4358 540 4417 aurem
583 4331 728 4442 aliquot
769 4330 853 4442 poll
884 4359 1001 4414 annos
1037 4331 1206 4411 Lazarus
1238 4333 1491 4425 Bonamicus,

70 4540 74 4546 ⁸
149 4465 232 4550 quo
255 4468 493 4556 praeceptore
528 4470 634 4531 eram
659 4443 781 4545 risus,
819 4468 868 4524 ex
891 4438 964 4525 hac
998 4441 1076 4524 vira
1094 4439 1286 4550 migrasset
1304 4494 1323 4544 ,-
1354 4460 1497 4524 annum

364 4574 368 4581 ·
1168 4574 1172 4587 ·
1363 4572 1443 4628 aeta
