4028 5710
409 351 1270 464 IuEnauorerahrs.
1389 408 1444 495 35

117 515 120 521 ¹
161 526 262 638 quod
282 523 451 611 adhibuit
470 528 566 634 saepe
594 529 803 613 Cardinalis
828 533 1093 629 Borromaeus,
1115 534 1165 613 de
1189 557 1265 639 quo
1286 534 1381 643 iaepe
1409 563 1510 618 men·

156 646 303 723 tionem
333 636 443 735 feci,
470 641 576 719 initio
608 636 860 721 visitationum
893 639 1080 721 adhibui.
1126 644 1246 724 Editae
1283 650 1396 726 etiam
1425 648 1508 727 lunt

155 746 440 831 constitutiones
476 747 522 830 ad
559 747 764 828 Dalmatiae
801 755 1002 856 provinciae
1031 751 1172 847 atham,
1200 754 1508 836 consentientibus

156 857 334 940 omnibus
370 858 586 964 episcopis:
615 856 693 938 aliar
715 858 761 938 ad
794 859 897 937 usum
923 858 1070 941 Hiliriae
1107 861 1432 941 accommodatae.
1473 869 1509 947 Α

186 971 346 1074 rincipio
369 973 434 1047 vix
454 961 637 1046 audebam
664 966 794 1074 egredi
818 968 975 1048 Verona
1002 1024 1017 1063 ,
1044 970 1304 1073 navigationes
1332 966 1507 1049 abhorre·

156 992 267 1160 bam:
296 1076 359 1155 sed
382 1074 509 1154 divino
536 1071 723 1158 beneficio
756 1073 897 1159 fadum
920 1073 1003 1172 est,
1034 1102 1077 1158 ut
1102 1075 1329 1158 visitationes
1353 1078 1506 1158 Dalma-

154 1193 220 1268 tiae
243 1183 432 1288 prospere
448 1183 656 1266 admodum
674 1214 677 1219 *
692 1183 960 1282 confecerim,
989 1212 1030 1269 et
1055 1184 1206 1267 labores
1233 1184 1287 1266 illi
1312 1190 1387 1267 mei
1415 1184 1509 1269 urei

157 1295 275 1402 gorio
311 1293 411 1373 Xlll.
444 1292 588 1375 summo
618 1292 796 1377 Pontifici
835 1296 1041 1378 admodum
1080 1298 1226 1406 accepti
1265 1295 1507 1379 exstiterint.-
1555 1399 1557 1403 ἲ

157 1398 344 1485 Nonnihil
367 1400 421 1484 est
444 1401 567 1485 auum
593 1412 707 1485 etiam
734 1409 773 1483 iu
796 1406 872 1486 aliis
897 1403 1200 1487 visitationibus:
1227 1402 1401 1488 exstindia
1423 1407 1506 1486 lunt

159 1510 249 1592 odia
273 1511 443 1617 quaedam
464 1517 636 1620 privata,
660 1514 802 1616 aliquot
824 1512 972 1594 familiae
997 1520 1094 1595 inter
1117 1517 1154 1594 se
1175 1507 1378 1620 pacificatae
1399 1514 1502 1592 stant.

156 1618 313 1701 Librum
350 1618 657 1704 constitutionum
685 1622 956 1717 Venetorum,
993 1627 1257 1731 paraeneticum
1291 1621 1505 1716 edidimus,

157 1730 455 1840 Campeggius,
485 1737 549 1837 qui
586 1730 716 1814 landiae
747 1729 975 1839 Apostolieae
1008 1731 1099 1812 ledis
1131 1728 1302 1812 Veneriis
1338 1728 1504 1813 Nuntius

152 1866 313 1938 erat,et
337 1843 537 1947 ipse,cum
562 1838 675 1921 ambo
699 1838 865 1923 vihtandi
890 1868 1050 1923 munere
1075 1839 1189 1925 fundii
1210 1843 1397 1922 eiiemus.
1425 1843 1501 1925 Hic
1644 1916 1647 1921 ,

153 1948 252 2029 liber
292 1953 328 2030 in
370 1950 542 2031 manibus
572 1947 829 2059 parochorum
864 1953 1103 2034 Venetorum
1129 1949 1234 2034 fuit.
1272 1981 1364 2033 non.
1387 1949 1503 2032 infru·

155 2056 301 2141 &uolut
326 2057 437 2142 fuisse
462 2059 687 2167 aliquando,¹
713 2087 754 2140 ut
775 2063 909 2169 spero,
938 2089 982 2143 re
1007 2065 1083 2172 ipl'a
1110 2066 1391 2167 comperietur.

202 2194 270 2272 43.
299 2171 402 2251 Cum
436 2171 580 2252 Patavii
621 2176 777 2252 civitatis
799 2171 1046 2253 visitationem
1077 2172 1346 2264 absolvissem,
1374 2192 1413 2245 et
1451 2168 1503 2246 ad

155 2277 371 2357 sacrolandii
408 2280 552 2360 Natalis
587 2279 845 2360 celebritatem
869 2280 1131 2360 celebrandam
1164 2280 1360 2357 Veronam
1381 2272 1499 2352 rediil

155 2385 260 2480 sem,
298 2390 508 2487 Gregorius
530 2390 843 2469 Decimustertius
866 2412 938 2464 una
964 2407 1051 2464 cum
1086 2385 1301 2465 odiodetim
1324 2382 1502 2463 Cardine

155 2493 276 2589 libus,
306 2491 503 2575 leurfinis
533 2495 636 2574 orbis
657 2491 839 2572 christiani
860 2497 980 2589 viris,
1006 2497 1044 2571 in
1065 2492 1207 2572 lacrum
1245 2489 1504 2569 Cardinalium

158 2603 365 2710 collegium
390 2629 454 2685 me
476 2606 692 2712 cooptavit,
713 2599 804 2683 nihil
827 2598 901 2683 tale
924 2602 1243 2708 sperantemnnec
1268 2602 1503 2713 cogitantem

151 2714 331 2820 quidem'.
349 2714 621 2831 lionorificum
644 2706 853 2816 hujusmodi
874 2712 926 2792 de
944 2736 1009 2791 me
1029 2708 1203 2792 Pontifex
1226 2711 1393 2792 summus
1411 2706 1504 2812 judi·

150 2830 255 2906 cium
279 2822 393 2921 iecit,
423 2850 491 2906 aut
510 2831 593 2933 quia
621 2826 792 2917 Venetae
811 2842 915 2905 eram
943 2821 959 2917 ί
981 2814 1174 2902 Venetam
1194 2823 1299 2933 enim
1322 2819 1503 2933 Cardine

151 2933 230 3015 lem
257 2933 485 3037 judicaverat
506 2936 709 3019 creandum
733 2936 750 3033 i
776 2954 840 3015 aut
867 2938 953 3038 quia
982 2928 1196 3013 tellimonio
1218 2926 1351 3010 Caroli
1371 2928 1503 3010 Cardi-

152 3041 244 3124 nalis
271 3045 481 3125 Borromaei
507 3045 649 3125 fueram
674 3069 743 3145 per
763 3044 887 3123 literas
912 3044 1050 3148 dignus
1073 3037 1219 3118 habitus
1241 3091 1256 3131 ,
1281 3040 1346 3142 qui
1369 3036 1501 3117 Cardi·

153 3149 247 3230 nalir
276 3179 449 3234 crearer.
483 3152 631 3233 Absolvi
654 3156 753 3233 inter
776 3156 875 3231 initia
899 3146 1147 3231 cardinalatus
1184 3149 1259 3224 mei
1292 3169 1392 3251 opus
1409 3142 1503 3224 illud

155 3261 258 3362 quod
292 3261 456 3366 probare
477 3260 611 3341 videris
630 3259 1038 3353 maxime‚multatnm
1052 3254 1328 3360 vigiliartrtu‚in
1349 3273 1502 3333 novem·

155 3367 278 3447 decim
300 3368 416 3449 libros
442 3365 671 3463 distichum,
697 3369 758 3444 cui
781 3364 833 3446 eli
853 3367 1013 3470 scopus,
1043 3361 1259 3477 adulterina
1290 3362 1500 3465 prudentiae

155 3474 306 3582 regular
332 3474 552 3573 confutare,
579 3476 817 3582 prudentiam
839 3498 927 3552 cum
951 3475 1092 3578 pietate
1116 3488 1376 3579 contingere,
1403 3482 1503 3548 eret

154 3582 226 3666 bur
247 3583 358 3691 gellis
384 3587 581 3693 praesertim
603 3580 1084 3679 Venetorum,trtilitatem
1109 3600 1327 3686 proponere
1349 3575 1501 3684 legenti

150 3693 247 3789 bus,
273 3694 396 3776 fratris
419 3702 453 3777 in
476 3699 696 3797 primisset
714 3693 852 3774 sororis
879 3716 974 3772 meae
1001 3688 1087 3770 liliis
1105 3714 1123 3767 ·.
1163 3688 1221 3765 Eo
1246 3692 1284 3766 in
1303 3708 1427 3791 opere
1452 3689 1503 3764 vi·

152 3802 212 3884 us
230 3804 312 3886 lum
335 3801 503 3886 effudille
526 3810 664 3914 ingenii
687 3809 783 3883 vires
806 3857 820 3898 ,
854 3799 1051 3881 rhetorum
1089 3800 1202 3875 etiam
1241 3816 1430 3913 praecepta
1455 3794 1502 3874 ad

153 3914 259 3993 usum
285 3909 736 4029 revocalle,·pietatem‚
759 3912 1031 4020 prudentiam,
1058 3932 1109 3987 et·
1124 3911 1348 4011 gravinum
1369 3902 1504 4009 prisco-

152 4047 239 4103 rum
263 4024 500 4106 Venetorum
523 4016 736 4131 expreffiile
763 4046 842 4103 non
872 4019 1094 4103 infeliciter.
1114 4015 1209 4097 ‘Sed
1235 4012 1417 4095 mirabilis
1441 4037 1503 4093 ree

151 4130 229 4229 eil,
257 4160 297 4215 et
321 4128 631 4241 reprehendenda
648 4133 792 4235 valde,
829 4154 928 4238 opus
948 4131 1043 4208 tanti
1067 4123 1209 4205 laboris
1233 4120 1413 4204 elidiatum
1432 4124 1503 4203 viu

149 4241 252 4348 legi,
279 4270 353 4326 non
371 4242 607 4326 ¹consideravi
637 4268 771 4337 cene,
797 4268 874 4321 non
896 4236 1120 4330 emendavi,
1147 4256 1191 4315 ut
1215 4232 1351 4314 debui.
1378 4229 1500 4313 fateor

141 4378 216 4432 ‚me
238 4352 352 4435 valde
374 4376 607 4457 occupatum
617 4345 794 4434 exilitiile
821 4344 1274 4456 negotiiu·pltrtimir,·et
1300 4341 1502 4453 gravibuet

150 4462 214 4542 {ecl
250 4461 408 4546 fortasse
442 4460 490 4546 ab
527 4462 607 4545 aliir
635 4458 902 4571 smipdonibus
911 4451 1386 4648 Eabstinere‘oportuissetal
1400 4474 1440 4632 ep
1463 4448 1502 4526 il-

269 4602 274 4623 ¹
998 4595 1021 4645 2
1387 4584 1411 4637 u
