4028 5710
591 391 662 498 -48
743 367 835 472 Dr
869 362 1219 467 Crurioun
1266 330 1659 460 Anntnrnn't

535 543 741 656 plexisunt
767 541 898 622 omnia
922 534 1065 642 quaead
1089 530 1328 617 instituendas
1351 535 1490 613 aninras
1511 526 1902 639 pertinebanndem

535 659 584 734 tit
627 649 835 761 Dionysius
866 651 1134 756 Areopagita,
1174 641 1317 725 sanstus
1352 643 1569 751 Cyprianus
1618 646 1819 759 episcopus
1857 673 1904 732 et

535 780 718 869 martyr,
744 787 782 843 et
809 759 870 840 alii
892 755 1159 865 quamplurimi
1197 750 1307 835 sansti
1334 747 1561 857 scriptores,
1588 752 1731 860 aliquid
1759 755 1900 838 scribe·

535 901 601 955 re.
627 868 813 975 Exempla
839 872 956 974 igitur
981 894 1063 974 quae
1086 861 1300 959 attulimus,
1327 863 1391 942 adr
1405 866 1604 941 cautionem
1680 871 1753 948 tius
1780 861 1901 945 adbi-

535 977 688 1062 henam
715 1007 793 1060 nou
825 976 946 1059 solum
970 981 1013 1056 r'rr
1042 970 1193 1052 edendis
1220 965 1331 1051 libris
1357 975 1590 1078 pertinent,
1630 974 1680 1056 ed
1709 982 1824 1059 eriam
1853 982 1897 1060 in

536 1087 837 1183 conscribendis,
865 1110 979 1193 quam
1006 1084 1053 1166 ad
1087 1109 1221 1165 omnes
1248 1082 1467 1190 scriptiones
1507 1081 1708 1190 tollendam
1742 1110 1788 1166 ut
1814 1089 1898 1196 qui-3

536 1225 703 1306 cumque
737 1195 901 1292 scribit,
926 1192 1136 1301 intelligat,
1163 1219 1242 1275 non
1276 1217 1355 1273 tam
1395 1195 1435 1269 in
1462 1191 1687 1291 scribendo,
1715 1219 1829 1301 quarn
1856 1202 1897 1281 in

535 1307 640 1393 selle
673 1309 826 1416 agendo
846 1307 963 1387 vitant
984 1301 1212 1412 perfossam,
1238 1299 1459 1384 etsolidam
1483 1299 1636 1387 laudem
1662 1297 1736 1385 else
1758 1304 1892 1390 cousti-

536 1445 692 1500 tutam:
731 1416 784 1498 se
799 1412 921 1497 multo
941 1450 944 1459 ·
964 1409 1238 1521 prestantiores
1273 1409 1448 1493 homines
1481 1408 1655 1495 exstitisse
1693 1417 1763 1518 qui
1795 1414 1928 1499 nihil.

535 1529 766 1637 scripserint,
802 1551 842 1608 et
868 1528 933 1633 qui
957 1520 1083 1605 sanslis
1106 1527 1192 1605 vitae
1224 1517 1398 1603 insb'turis
1419 1520 1627 1623 universum
1653 1520 1790 1606 urbem
1819 1526 1894 1610 ἀοι·

449 1652 453 1659 ’
537 1642 682 1722 tuerint
703 1694 717 1733 ‚
742 1660 785 1717 ut
806 1630 1095 1718 innumerabiles
1119 1629 1228 1714 sansii
1251 1634 1323 1711 viri
1347 1686 1362 1727 ‚
1387 1628 1517 1711 sanslae
1544 1633 1657 1713 etiam
1683 1632 1891 1737 mulierem

536 1773 622 1856 quae
644 1744 920 1851 rempublicam
955 1739 1212 1835 christianam,
1238 1737 1511 1836 humilitatem,
1538 1737 1655 1822 robur
1679 1746 1819 1841 animi,
1847 1771 1891 1828 et

540 1853 810 1953 constantiam,
838 1852 1071 1949 castitatem,
1099 1856 1326 1946 caritatem,
1352 1873 1393 1931 er
1418 1848 1681 1955 multiplicem.
1695 1882 1737 1936 ac
1765 1854 1890 1937 excel·

537 1968 661 2049 lentes
698 1969 857 2048 virtuter
893 1967 977 2048 ritae
1013 1961 1231 2073 exemplis,
1258 1960 1450 2071 martyriis
1487 1964 1604 2041 eriam
1636 1961 1708 2048 suis
1739 1962 1889 2049 docue-

534 2102 646 2159 runt.
681 2112 684 2120 Δ
838 2146 844 2151 .
880 2116 886 2133 ·
990 2112 993 2121 ·
1460 2142 1466 2147 .

592 2194 660 2270 61.
686 2183 913 2273 Domellieis
929 2187 1023 2298 'ipse
1047 2186 1238 2296 exemplis
1270 2186 1430 2269 libenter
1456 2210 1546 2269 utor
1567 2181 1579 2268 ἑ
1599 2186 1886 2301 commemora&

409 2390 415 2395 ,
494 2372 497 2377 .
536 2301 643 2380 tione
677 2323 719 2379 tu
755 2326 884 2381 rerum
910 2299 1145 2382 veneratum
1179 2295 1535 2395 descensuram,
1561 2303 1649 2405 quia
1687 2303 1885 2408 praecipuo·

537 2408 706 2511 quodam
738 2412 872 2491 amore
905 2408 1033 2517 diligis
1058 2407 1335 2517 rempublicam
1370 2404 1586 2491 Venetam·
1623 2409 1764 2491 Ptisoos
1791 2408 1916 2509 illos,

535 2517 733 2614 Venetos,
759 2523 823 2625 qui
845 2520 982 2600 eximia
999 2524 1175 2627 pietate,
1201 2528 1242 2600 et
1264 2516 1454 2628 preclaris
1473 2516 1672 2599 virtutibus
1698 2520 1764 2599 suis
1787 2545 1883 2630 prte-

540 2627 779 2709 clariffimam
803 2627 1085 2736 rempublicam
1110 2625 1380 2711 constituerunt
1410 2631 1604 2735 primum,
1633 2628 1769 2711 deinde
1805 2630 1883 2713 san-

535 2741 650 2843 guine
680 2742 795 2818 etiarn
832 2736 897 2816 suo
929 2760 1235 2845 propagarentur
1253 2791 1270 2833 ‚
1287 2736 1508 2821 ··literarum
1542 2736 1672 2823 ssudiis
1705 2768 1790 2823 non·
1811 2739 1882 2822 ad-

533 2844 696 2927 modum
714 2845 867 2928 deditox
897 2842 1007 2926 firme
1040 2847 1228 2951 legimus,
1256 2846 1373 2928 saetuli
1409 2848 1509 2929 illius
1547 2871 1623 2953 quo
1648 2845 1887 2934 nudatam

534 2952 767 3064 respublica,
791 2952 1031 3061 infelicitate·²
1051 2954 1236 3039 Vandalis
1261 2961 1388 3054 enim,
1414 2954 1572 3053 Gothis,
1596 2956 1885 3064 et.Longobar··

534 3065 593 3146 dis
626 3064 772 3147 ltaliam
795 3061 1045 3163 vallantibus,
1071 3064 1204 3168 quibus
1236 3064 1485 3174 temporibus·
1500 3065 1879 3176 respublicacrevit,

532 3170 653 3254 studia
673 3174 867 3259 literarum
894 3178 1051 3255 minime
1076 3170 1296 3259 florebant.
1327 3175 1516 3258 nobilibus
1540 3183 1669 3285 potius
1691 3178 1878 3260 mercatu-

532 3286 609 3377 ris,
637 3308 678 3362 et
698 3309 828 3364 rerum
850 3283 1096 3390 plurimarum
1124 3286 1213 3381 usn,
1242 3284 1503 3392 gubernandae
1515 3286 1734 3393 reipublicae
1755 3313 1877 3370 artem

531 3388 742 3476 edlsoebant
762 3394 867 3501 prisci
880 3395 1041 3477 Veneti:
1063 3392 1260 3476 literarum
1284 3393 1407 3476 studiis
1432 3418 1590 3501 operam
1611 3425 1691 3478 non
1717 3398 1893 3482 dabant(

531 3504 572 3583 Si
602 3507 667 3608 qni
689 3500 840 3591 merant
865 3507 930 3609 qui
953 3503 1070 3585 literis
1090 3503 1404 3602 destamentum·
1423 3530 1532 3586 erant
1571 3511 1878 3615 perpaucum·-

530 3609 642 3693 dreas
670 3610 872 3695 Dandulus
902 3618 1112 3720 princeps,
1139 3617 1204 3719 qui
1227 3618 1372 3719 primus
1395 3617 1498 3694 inter
1525 3615 1700 3697 Venetos
1721 3615 1875 3724 infignia
1940 3706 1944 3723 λ

529 3719 748 3803 dodoratus
769 3723 952 3827 accepisse
972 3721 1164 3819 scribitur,
1197 3749 1284 3802 cum
1311 3721 1488 3805 dollrinae
1512 3722 1651 3806 famam
1673 3726 1767 3809 esset
1787 3719 1874 3805 conss
1896 3782 1903 3793 .

529 3828 700 3927 securus,
727 3854 767 3911 et
788 3833 1028 3914 Venetorum
1048 3829 1181 3915 statuta
1196 3834 1250 3929 in
1267 3859 1384 3913 unum
1409 3828 1643 3940 'redegissem
1670 3860 1755 3916 ante
1781 3856 1877 3938 qua-

531 3938 787 4049 dragesimum
813 3968 949 4033 annum
972 3943 1019 4024 ad
1043 3945 1294 4046 principatum
1318 3943 1506 4040 ascendit,
1533 3942 1712 4027 et'lludia
1736 3943 1795 4023 sua
1823 3942 1872 4025 ad

531 4073 775 4134 communem
808 4049 1010 4132 utilitatem
1045 4050 1237 4132 contulit.
1275 4051 1315 4130 In
1354 4050 1490 4133 eadem
1517 4049 1654 4135 familia
1692 4054 1878 4133 Fann'nus.

528 4159 1160 4268 episcopnsPatavinus,literarum
1182 4157 1253 4241 snit
1277 4156 1402 4241 cultor
1427 4165 1659 4258 eximius,et
1682 4161 1869 4271 plurimos

526 4292 616 4349 anre
651 4298 768 4355 annos
792 4271 929 4353 Petrus
962 4268 1391 4376 Vrseolusamplissimtt
1418 4276 1650 4380 principatus
1685 4273 1875 4384 dignitate

523 4372 677 4475 relisit,
702 4384 745 4460 in
765 4382 1008 4487 Aquitaniam
1032 4383 1068 4461 in
1091 4376 1384 4479 monasterium,
1409 4404 1600 4491 tamquam
1626 4386 1665 4465 in
1689 4409 1870 4493 portum,

519 4484 559 4576 se
591 4488 782 4600 recepit,
802 4487 1052 4595 smlliuoniae
1088 4488 1202 4591 laude
1238 4488 1396 4604 flatus,
1421 4517 1500 4603 non
1521 4491 1729 4592 mediocris
1749 4498 1868 4687 priam

1774 4629 1814 4687 o
