4028 5710
623 388 682 455 26
761 349 853 454 Da
899 345 1243 449 Carrion-s
1290 340 1682 441 Anntnsunn

581 528 706 612 uentia
727 522 925 606 hominum
948 520 1158 602 sermonem
1191 512 1303 599 habui
1329 511 1376 594 ad
1404 508 1625 621 populum,
1649 530 1769 616 quem
1797 538 1921 605 antea

547 555 719 724 didisse
731 629 963 716 scribebam.
999 624 1194 740 Opuscula
1217 627 1297 708 duo
1323 624 1518 730 aggressus
1544 622 1627 702 sum
1650 622 1815 708 scribere
1842 657 1917 711 eo-

554 749 644 832 dem
664 739 1020 855 tempore,dislare
1042 740 1191 849 potius,
1217 736 1361 817 etenim
1384 734 1623 842 scriptionem
1652 761 1794 817 nocere
1819 766 1917 824 ocu-

552 857 597 940 lis
629 858 723 938 meis
758 853 968 961 plurimum
1014 842 1361 930 animadvertebam
1394 878 1406 947 ς
1435 867 1737 950 monueruntque
1772 873 1836 928 me
1865 878 1915 934 ut

546 965 597 1050 ab
628 964 691 1047 illo
723 988 926 1060 caverem,
945 960 1107 1044 medici.
1134 955 1283 1041 Disiavi
1317 980 1415 1063 ergo
1435 952 1578 1035 eodem
1606 951 1689 1036 sere
1725 979 1912 1065 tempore

551 1073 697 1159 libellos
722 1075 818 1154 duos
851 1075 900 1153 ad
937 1064 1137 1174 acolythos
1166 1067 1214 1147 de
1249 1090 1385 1147 eorum
1419 1062 1644 1171 disciplina,
1669 1089 1710 1145 et
1735 1063 1909 1154 libellum

550 1209 670 1265 unum
693 1181 827 1262 adAlo
856 1178 950 1262 sium
972 1180 1261 1272 Contarenum,
1283 1177 1348 1279 qui
1374 1199 1396 1254 a
1421 1173 1614 1278 republica
1641 1175 1690 1257 ad
1710 1176 1904 1261 Carolum

550 1208 1082 1400 tx.1egauuderatmrffus
1109 1317 1119 1366 ε
1148 1285 1235 1366 editi
1261 1280 1413 1371 fuerunt
1440 1283 1494 1364 illi
1521 1284 1600 1366 duo
1629 1285 1678 1366 de
1709 1287 1902 1396 disciplina

547 1400 817 1511 acolythorum
839 1428 916 1481 non
938 1394 1015 1480 siue
1036 1396 1163 1501 aliquo
1194 1389 1472 1481 Veronensum
1495 1392 1721 1476 clericorum
1749 1393 1900 1487 frusiu.

545 1512 624 1601 Alo
654 1508 726 1597 fius
742 1535 840 1592 vero
858 1510 1104 1592 Contatenus
1120 1503 1303 1612 opusculo
1326 1502 1589 1610 delegatione
1613 1502 1820 1589 deledatus
1845 1507 1902 1592 esi

548 1622 607 1704 v'al
636 1649 680 1701 e.
717 1619 766 1699 ad
789 1617 894 1699 illam
919 1618 1163 1723 scriptionem
1193 1617 1379 1695 excitatus
1414 1614 1494 1694 sum
1528 1642 1617 1697 cum
1639 1613 1787 1722 Aloysti
1812 1643 1899 1726 pre-

546 1731 689 1826 cibus,
715 1754 799 1813 tum
823 1729 992 1808 maxime
1017 1728 1227 1806 imitatione
1261 1722 1436 1831 Prosperi
1462 1722 1607 1806 Sansiae
1631 1724 1804 1824 Crucis,
1830 1735 1896 1835 qui

550 1866 651 1922 nunc
676 1835 730 1922 est
757 1836 1002 1931 cardinalis,
1030 1832 1134 1938 cujus
1163 1830 1301 1912 librum
1327 1830 1459 1913 eadem
1488 1836 1537 1914 de
1563 1858 1635 1930 te,
1663 1861 1749 1916 cum
1777 1833 1893 1923 essem

545 1950 707 2047 Romae,
733 1945 933 2057 diligenter
954 1945 1161 2052 legeram,
1188 1965 1231 2023 et
1259 1938 1351 2025 milti
1377 1942 1584 2026 admodum
1611 1940 1771 2053 elegans
1797 1950 1893 2031 visus

548 2083 652 2140 erat.

608 2193 676 2273 32.
701 2167 900 2249 Veronam
930 2189 1089 2249 venerat
1110 2166 1269 2247 loannes
1288 2162 1501 2247 Franciscus
1529 2162 1739 2248 Cardinalis
1769 2168 1890 2251 Com·

546 2277 793 2374 mendonus,
819 2303 907 2357 nam
938 2275 1028 2357 Pius
1047 2275 1099 2357 V.
1127 2274 1180 2357 illi
1206 2271 1408 2355 Abbatiam
1430 2270 1542 2355 santii
1568 2271 1760 2375 Zenonis,
1785 2276 1889 2359 nobi-

545 2384 624 2466 lem
655 2386 765 2469 valde
792 2385 1148 2468 commendaverat.
1175 2410 1265 2469 cum
1291 2408 1343 2464 eo
1369 2408 1452 2465 erat
1478 2384 1665 2465 Nicolaus
1689 2385 1889 2471 Tomiscus

537 2490 747 2601 'prestantis
767 2499 908 2601 ingenii
934 2495 1150 2578 adolescens
1171 2492 1377 2589 Polonus,
1403 2495 1468 2601 qui
1495 2492 1713 2599 patentibus
1737 2492 1885 2577 heresis

545 2600 632 2683 labe
648 2608 908 2686 contaminatis
927 2628 1057 2698 ortus,
1079 2600 1308 2685 versiculum
1331 2602 1435 2685 illum
1456 2600 1552 2712 saepe
1574 2602 1792 2713 usurpabat:
1821 2626 1885 2713 pa.

544 2730 605 2788 ter
629 2735 754 2809 meus,
780 2731 818 2789 et
843 2732 964 2790 meter
985 2737 1068 2789 mee
1090 2709 1366 2818 dereliquerunt
1389 2719 1671 2808 me,2Drtninrtr
1688 2711 1886 2821 autem'efi

535 2815 665 2926 fitutfit
681 2843 764 2925 καὶ
776 2818 811 2903 se
828 2819 1056 2930 Apostolicae
1073 2819 1208 2904 saullae
1233 2820 1547 2918 sedis,Romanat
1568 2821 1734 2903 ecclefiae
1757 2824 1885 2921 silitum

542 2926 825 3121 profitebatur,
843 2929 1042 3014 haereticos
1064 2927 1311 3041 infestabatur
1329 2931 1466 3031 valde,
1478 2928 1736 3015 amabiliffimis
1758 2938 1884 3029 ⁴mori-

570 3067 613 3119 us
642 3064 724 3121 etat
741 3041 952 3151 praeditus,
978 3042 1025 3124 ad
1046 3038 1174 3138 hunc,
1192 3067 1281 3123 cunt
1304 3043 1341 3125 in
1363 3042 1561 3125 Polouiam
1592 3037 1771 3135 rediisset¹
1789 3068 1878 3139 cum

542 3147 747 3229 Cardinale
770 3152 1103 3246 Commendono,
1131 3156 1194 3258 qui
1217 3150 1409 3259 legatione
1431 3178 1504 3260 pro
1524 3148 1644 3236 sanila
1663 3149 1879 3258 Apostolica

541 3255 698 3337 sede-ibi
718 3256 972 3448 fungebatur,
996 3258 1164 3343 libellum
1198 3257 1348 3370 scripsi,
1378 3264 1484 3365 ctrjus
1509 3287 1591 3343 erat
1616 3261 1771 3344 titulus:
1797 3288 1878 3371 que

538 3384 646 3445 tenus
676 3395 756 3447 rum
801 3375 953 3452 amicis
973 3396 1015 3449 eo
1034 3376 1076 3451 itt
1098 3396 1210 3478 regno
1228 3366 1503 3477 reversandus
1519 3366 1634 3478 effer,
1655 3391 1694 3449 et
1720 3397 1792 3480 qut,
1802 3399 1878 3468 put·

541 3473 589 3552 do
608 3476 672 3554 issi
680 3476 863 3584 fugiendi
884 3539 894 3560 .
924 3482 1056 3581 Quem
1070 3479 1216 3563 silitum
1226 3522 1248 3579 ,1
1266 3508 1354 3565 cum
1368 3475 1490 3571 ¹essem
1515 3483 1675 3578 Romae,
1700 3480 1878 3575 Roberto

538 3583 794 3683 Bellarmino,
818 3581 1025 3669 excellenti
1039 3590 1349 3687 dositiua'viro,
1374 3589 1580 3696 legendum
1604 3590 1761 3681 tradidi.
1788 3614 1876 3695 pro-

541 3689 644 3776 bavit
673 3695 778 3776 illum
796 3697 1054 3780 Bellarminus
1076 3729 1087 3780 r
1113 3699 1176 3780 sed
1200 3699 1374 3783 laborem
1406 3700 1524 3781 illurn·
1548 3727 1678 3785 meum
1710 3698 1873 3805 diligere

538 3830 617 3910 ego
641 3826 850 3909 numquam
871 3811 1000 3913 potui3
1027 3813 1078 3888 ita
1101 3807 1167 3907 fit,
1189 3839 1233 3892 ut
1254 3809 1577 3918 quemadmodum
1600 3810 1808 3903 deteriores
1831 3806 1873 3890 fi,

535 3914 608 3995 lios
629 3914 816 3996 interdum
838 3940 1017 4025 parentes
1036 3917 1201 4027 diligunt
1223 3926 1344 4027 magis
1367 3945 1479 4026 quam
1501 3919 1650 4018 bonos,
1676 3924 1728 3999 ita
1750 3920 1872 4001 minus

537 4020 660 4107 bonos
689 4023 810 4107 libros
835 4027 953 4135 pluris
975 4024 1152 4111 faciamus
1177 4055 1289 4136 quam
1318 4028 1547 4136 elegantes,
1572 4055 1612 4110 et
1643 4031 1765 4136 magis
1804 4030 1871 4108 uti·

534 4129 613 4211 let:
641 4142 691 4217 ita
709 4137 919 4245 decipimur
938 4137 1059 4248 saepe,
1084 4140 1287 4246 prasertim
1324 4142 1361 4218 in
1386 4136 1500 4223 rebus
1525 4135 1681 4225 nolitis.
1701 4137 1869 4220 ¹Eodem

536 4263 657 4339 anno,
682 4270 726 4326 ut
746 4272 811 4343 me
829 4271 980 4355 gratum
998 4248 1238 4332 ostenderem
1262 4305 1275 4342 ,
1297 4273 1342 4328 et
1366 4247 1544 4331 loannem
1571 4244 1769 4356 Aloystum
1791 4248 1870 4330 Na-

531 4354 753 4455 vagerium,
779 4356 991 4441 Cardinalis
1006 4357 1154 4455 silium,
1179 4387 1229 4439 ex
1253 4356 1429 4463 legitimo
1448 4363 1691 4443 matrimonio
1713 4380 1868 4458 natum,

527 4453 734 4544 domestico
753 4466 936 4576 exemplo
958 4470 1005 4550 ad
1037 4493 1213 4579 paternas
1240 4472 1395 4550 virtutes
1419 4470 1616 4555 imitandas
1639 4475 1868 4655 excitargm,

1615 4663 1622 4677 ,
1719 4604 1780 4680 eJu
1793 4624 1810 4643 ·
