4028 5710
464 340 1216 448 TESTIMONIA.
1349 344 1475 451 ''xui

309 509 437 582 dolatas
456 518 658 584 murotenus,
683 515 800 573 Venetus
821 519 960 584 Senator,
980 527 1009 569 et
1031 510 1207 584 Histonium,
1229 510 1349 587 apostola
1367 514 1409 573 aas

361 590 498 667 Aleyssum
517 588 659 650 Lollianum
678 594 703 664 (
721 614 740 648 a
769 590 928 663 quemdem
948 596 1151 668 Epigrammata
1171 606 1311 669 acceperat
1327 601 1352 674 )

483 672 571 749 postea
591 676 664 731 inter
683 673 745 745 ejus
764 671 897 748 opuscula
914 686 974 748 pag.
998 690 1066 732 ato.
1086 686 1115 730 es
1138 671 1221 747 sequ.

219 834 400 894 Coronidem
421 837 539 915 egregio
561 853 613 893 tuo
635 838 716 914 operi
737 835 921 909 Augustum
941 834 1079 896 Valerium
1100 836 1250 912 imponere
1272 832 1392 893 voluisti
1412 867 1424 906 ‚
1446 836 1539 915 idque

178 917 392 994 inmmerito,
415 918 525 994 quippe
544 917 603 993 -qui
625 915 674 973 illi
696 913 767 975 ess'es
789 913 900 975 somma
921 912 1131 974 familiaritate
1152 912 1324 973 con'uuSIus
1347 948 1359 986 ,
1379 913 1417 973 ab
1439 936 1532 994 eoque

179 1000 319 1056 amareris
340 996 527 1073 pluriusum3
549 1015 604 1074 ego
625 1016 717 1067 veto,
739 998 791 1076 qui
812 996 900 1054 illum
922 1015 995 1073 puer
1026 997 1059 1054 in
1080 934 1231 1074 gymnaso
1254 991 1370 1057 Veneto
1424 993 1534 1053 hiloso-

202 1075 282 1135 hians
305 1080 551 1153 interpretantem
572 1072 661 1133 semel
689 1077 859 1135 audiveram
882 1110 894 1147 ,
915 1095 994 1133 anno
1014 1070 1170 1152 superioris
1194 1071 1290 1131 saculi
1315 1076 1362 1139 84.
1413 1075 1534 1132 ardina-

178 1096 241 1215 lem
263 1178 280 1214 a
301 1153 450 1234 Gregorio
472 1150 558 1211 XIII.
583 1172 736 1228 tamtum,
756 1177 792 1216 ac
812 1157 882 1214 dum
905 1153 1027 1215 Verona
1049 1152 1136 1214 essem
1156 1188 1169 1225 ,
1189 1151 1289 1231 sepius
1311 1151 1348 1211 ab
1370 1174 1404 1212 eo
1427 1154 1533 1212 huma-

180 1236 294 1295 nilsrme
316 1252 455 1313 exceptus
475 1233 563 1306 sum,
592 1256 697 1317 meqne
719 1237 768 1294 illi
802 1235 992 1295 observantie
1013 1235 1135 1299 vinculo
1163 1250 1305 1312 perpetuo
1336 1232 1440 1292 addixi
1464 1253 1474 1305 5
1496 1234 1533 1294 de

182 1336 242 1393 quo
262 1315 330 1374 sane
351 1335 444 1394 neque
462 1314 522 1376 fine
544 1318 650 1396 injuria
673 1316 774 1388 sileri,
794 1336 889 1395 neque
910 1336 964 1394 pro
985 1318 1133 1395 dignitate
1153 1314 1214 1377 dici
1236 1312 1349 1392 petest:
1382 1316 1424 1372 ita
1449 1317 1531 1373 enim

181 1413 245 1454 crat
269 1399 400 1466 virtute,
420 1415 455 1454 ac
475 1394 607 1455 debirina
630 1396 800 1475 persedens,
830 1414 863 1455 ut
884 1401 966 1455 omni
997 1397 1095 1454 laudis
1116 1414 1221 1474 genere
1252 1392 1434 1464 excelleret3
1457 1395 1529 1452 reli·

180 1479 268 1555 gione
290 1474 341 1533 insi
364 1479 431 1547 nis,
452 1479 565 1554 pietate
586 1479 712 1534 eximius
734 1510 746 1546 ,
777 1480 902 1534 caritate
924 1480 954 1534 in
976 1479 1104 1553 patriam
1126 1473 1302 1551 singularis,
1323 1476 1424 1530 animo
1446 1478 1529 1553 inge-

178 1577 239 1614 nuo
260 1577 294 1615 ac
316 1496 434 1627 libero,
454 1573 487 1613 ut
510 1560 543 1613 in
561 1553 741 1633 amplissimo
762 1556 865 1613 ordine
884 1551 1201 1623 collomtus‚nullum
1218 1548 1410 1619 assentationi
1431 1550 1529 1612 locum

176 1637 283 1708 daret,
303 1639 398 1716 gratia
420 1651 511 1714 atque
531 1636 602 1693 odio
625 1637 765 1693 immunis
787 1632 938 1693 liberrime
958 1631 1284 1701 immanescere,
1305 1628 1532 1709 absolutumque

176 1715 328 1774 christiani
350 1714 494 1777 senatoris
516 1716 668 1793 exemplet
684 1713 850 1792 ,praeberet3
873 1732 958 1792 quem
980 1716 1095 1775 utinam
1108 1749 1119 1784 ‚
1134 1712 1190 1771 'vel
1211 1709 1317 1771 saltem
1337 1712 1400 1788 ejus
1421 1710 1532 1772 similes

176 1796 363 1863 difficillimis
384 1786 485 1867 bisce,
504 1815 539 1856 ac
561 1795 742 1855 turbulentis
763 1794 944 1872 temporibus
965 1793 1157 1854 haberemus.
1180 1792 1235 1850 Sed
1256 1811 1293 1849 eo
1317 1808 1441 1853 ventum
1463 1789 1530 1863 est,

175 1895 210 1935 ut
233 1878 303 1935 dum
324 1874 522 1955 unusquisque
544 1874 603 1934 suis
624 1875 708 1934 rebus
729 1874 881 1946 consulit,
903 1874 1021 1953 publica
1044 1873 1121 1933 salus
1153 1875 1184 1930 in
1206 1868 1362 1933 discrimen
1386 1887 1527 1931 vocetur.

175 1953 261 2017 Hinc
282 1955 341 2028 fit,
361 1973 394 2015 ut
415 1956 619 2034 compluribus
637 1955 807 2014 nominibus
828 1955 966 2034 preclare
996 1954 1094 2015 aslum
1126 1974 1193 2014 cum
1217 1952 1446 2028 incomparabili
1469 1951 1525 2013 boe

174 2040 241 2097 viro
262 2053 462 2117 putem‚tum
482 2035 520 2095 ob
541 2035 571 2094 id
594 2039 625 2093 in
648 2038 750 2113 primis
771 2033 890 2094 felicem
913 2037 1001 2095 Illum
1023 2031 1303 2114 tristioremquod
1326 2034 1358 2093 in
1380 2032 1432 2093 bas
1455 2050 1525 2117 pro·

178 2117 271 2182 cellas
291 2137 326 2181 ac
346 2114 561 2197 tempestates,
580 2114 687 2197 quibua
707 2113 875 2196 jabemur,
896 2137 956 2177 uon
978 2117 1117 2178 inciderit
1134 2157 1144 2173 ·
1165 2133 1221 2176 erc.

402 2357 496 2419 Albas
514 2357 708 2418 ferdinandus
728 2355 853 2432 mallus
874 2360 909 2415 in
926 2360 1060 2435 Epr'scopt's
1091 2356 1299 2429 Veromsslus.

215 2602 303 2663 Obiit
335 2604 384 2660 hic
403 2600 572 2661 verecunde
604 2597 751 2675 (fortaffi
773 2596 977 2735 venerandass
1003 2592 1169 2733 probitatis
1200 2586 1286 2653 senex
1320 2586 1428 2688 Roma
1447 2612 1528 2654 anno

178 2686 265 2742 1⁶06.
291 2701 336 2739 tx.
359 2678 431 2740 Kal.
454 2676 558 2748 lunii,
580 2697 659 2772 anno
680 2680 775 2736 aetatis
796 2674 856 2774 sua.
871 2693 918 2749 75.
966 2678 1001 2815 pi
1012 2690 1138 2771 leopatus
1160 2692 1229 2731 vero
1250 2692 1299 2740 41.
1321 2693 1388 2733 cum
1408 2693 1469 2753 pam
1482 2672 1528 2733 fa-

172 2762 236 2823 aus
257 2760 326 2823 esset
347 2758 510 2840 Episcopus
529 2756 702 2819 Cardsmlls
722 2755 933 2818 Praenestmus.
983 2756 1055 2817 llius
1075 2771 1183 2833 corpus
1203 2750 1329 2813 relatum
1352 2751 1527 2824 Veronam,
1568 2834 1572 2841 ι

171 2843 352 2982 tunpplatum
383 2841 464 2911 suit,
485 2838 710 2901 lacrimantibus
730 2837 844 2900 cundiis
864 2875 876 2911 ,
897 2842 929 2897 iu
959 2835 1136 2899 cathedrali
1157 2853 1224 2896 cum
1256 2833 1313 2896 boc
1344 2832 1428 2899 brevi
1460 2834 1528 2912 cpi·-

173 2938 223 3002 tsp
246 2928 294 2984 io:

353 3079 884 3182 Avcvsrrnvs.
931 3068 1343 3180 vnunmvs

725 3246 963 3349 cluo.

502 3400 1199 3517 eriscusuousu.
1284 3506 1291 3529 ,

710 3572 777 3673 H.
834 3569 983 3677 sn
1149 3580 1170 3671 ι
1329 3556 1335 3573 ‘
1429 3566 1442 3597 ‘⁴

640 3743 707 3848 V.
775 3732 834 3861 T.
901 3735 950 3838 F.
1022 3737 1049 3846 Ι
