4028 5710
593 358 695 433 Xl

627 363 670 547 <v
715 500 1223 592 CLARORVM
1286 498 1710 605 VIRORVM

528 697 656 799 DE
725 691 1368 800 AVGVSTINO
1434 686 1894 797 VALERM)

765 919 809 997 S.
874 915 924 1001 R.
989 917 1034 995 Ε
1101 910 1637 1012 CARDINALI,

712 1111 1123 1185 rrrscoro
1188 1088 1699 1203 rennuenda

888 1287 1117 1359 nnvcn
1168 1264 1516 1389 qvnrunn

666 1451 1735 1581 rnsrrnonrm

703 1665 809 1727 ‘EX
840 1668 1022 1731 PROPE
1054 1665 1341 1731 INFINITlS
1377 1664 1670 1729 DELECTA.

663 1880 706 1937 lo.
730 1875 856 1939 wcball
873 1885 979 1936 Brutus
1000 1875 1121 1954 Epistola
1140 1875 1179 1935 ad
1198 1875 1331 1936 Panum
1356 1874 1545 1954 Theopolmn,
1573 1895 1633 1951 que
1652 1874 1741 1952 exstat

735 1955 782 2014 lib.
808 1978 833 2019 r.
866 1954 1045 2034 Epistularum
1074 1955 1152 2015 clar.
1174 1963 1233 2018 Vir.
1266 1959 1396 2034 Lugduni
1415 1957 1553 2020 editarum
1575 1963 1662 2028 1561.
1700 1958 1703 1965 ’

844 2036 919 2117 apud
938 2036 1108 2114 Gryphianos
1129 2037 1269 2099 Haedos.
1292 2045 1323 2097 in
1346 2042 1371 2100 8„
1391 2055 1452 2117 pag.
1469 2042 1537 2112 178.

598 2199 756 2275 Vgustinmn
774 2197 915 2261 Valerium
936 2205 1007 2260 novi
1028 2223 1105 2282 ego,
1124 2202 1212 2283 hujus
1235 2203 1331 2263 filium
1350 2203 1459 2262 sororis
1481 2202 1496 2280 (
1517 2199 1650 2262 ennodi
1663 2199 1772 2277 scilicet
1794 2205 1881 2258 Nau«

612 2286 683 2356 gerii
703 2283 717 2361 )
737 2302 804 2342 cum
825 2282 942 2361 aliquot
963 2281 1071 2343 abhinc
1090 2286 1177 2343 anuis
1199 2284 1390 2365 philosophia
1412 2283 1514 2342 studiis
1540 2283 1661 2346 Patavii
1683 2301 1803 2360 operam
1824 2280 1878 2337 da·

519 2380 583 2421 ret:
605 2384 692 2442 quem
713 2383 780 2423 cum
802 2364 935 2422 audirem
956 2363 1208 2442 disputantemjn
1231 2365 1473 2444 philosophorum
1494 2386 1601 2424 corona
1623 2360 1877 2443 dequastionibur

517 2445 679 2515 maximio,
700 2461 791 2524 atque
814 2448 971 2524 inprimis
993 2447 1024 2505 in
1046 2445 1233 2526 philosophia
1254 2447 1433 2505 reconditis:
1455 2463 1571 2505 tantam
1598 2442 1876 2505 animadvertebam

519 2521 609 2581 inesse
632 2529 664 2579 in
685 2527 922 2603 argumonando
943 2530 1039 2601 vim,
1072 2533 1249 2608 ingenium,
1270 2549 1413 2587 acumen:
1445 2544 1511 2587 tum
1542 2528 1617 2587 adeo
1649 2544 1751 2604 parata
1773 2527 1875 2584 omnia

512 2603 624 2679 quibus
645 2619 697 2660 aut
720 2604 856 2680 probaret
876 2604 948 2676 sua,
970 2623 1022 2665 aut
1046 2609 1193 2665 refelleret
1214 2615 1382 2668 contraria:
1406 2614 1457 2668 vin
1475 2625 1508 2669 ut
1529 2608 1604 2666 mihi
1623 2606 1736 2687 possem
1754 2604 1876 2684 persua·

512 2683 583 2740 dere
601 2683 618 2758 s
639 2703 706 2740 cnm
729 2683 886 2762 prasertim
918 2686 1077 2744 admodum
1101 2684 1171 2743 esset
1199 2687 1368 2745 adolescens
1391 2689 1404 2760 )
1427 2709 1479 2762 per
1511 2710 1629 2746 omnem
1654 2688 1734 2747 suam
1756 2704 1875 2745 atatem

514 2761 635 2820 literam
658 2763 745 2822 illum
768 2786 829 2845 quae
851 2768 913 2845 ejus
934 2765 1089 2823 facultatis
1111 2785 1169 2820 non
1203 2763 1298 2833 esset,
1330 2763 1425 2818 ullam
1456 2762 1566 2819 discere
1586 2765 1732 2839 potuisse·
1766 2766 1874 2844 Neque

511 2842 567 2901 ille
595 2863 663 2903 vero
685 2846 851 2905 eruditione
870 2848 990 2924 nangis,
1013 2860 1042 2901 et
1064 2865 1099 2902 oo
1142 2848 1236 2901 itione
1257 2846 1457 2900 maximarum
1475 2862 1571 2898 rerum
1585 2877 1595 2911 ‚
1609 2862 1696 2919 quam
1720 2845 1786 2898 vltae
1806 2847 1873 2900 san-

512 2922 639 2995 dlitate,
660 2926 793 3003 pudore,
817 2928 985 2983 innocentia
1006 2863 1181 3000 <philosophi
1203 2943 1314 2980 nomen
1345 2920 1504 2980 tuebatur.
1538 2918 1583 2979 At
1618 2943 1684 2980 cum
1710 2920 1809 2981 rursus
1831 2924 1872 2981 il·

510 3005 568 3063 lius
591 3004 697 3083 scripta
721 3008 882 3085 legerem,
905 3001 1019 3058 lumina
1042 3000 1209 3061 adnrirabar
1229 3003 1406 3082 eloquentia
1432 3039 1445 3074 ,
1467 3020 1496 3062 et
1524 3021 1698 3062 ornamenta
1732 3001 1871 3063 dollrina

511 3089 641 3144 maxima
667 3120 677 3153 ,
699 3102 732 3141 ut
753 3106 820 3142 cum
850 3103 897 3139 me
918 3081 1045 3141 afficeret
1068 3082 1224 3157 voluptate
1244 3082 1381 3155 suumn,
1410 3087 1509 3143 orario
1530 3105 1598 3144 cum
1618 3105 1691 3162 pure
1721 3103 1751 3143 et
1773 3083 1870 3144 latine

507 3164 646 3239 scripta,
668 3180 732 3218 rum
754 3179 823 3237 apte
844 3178 873 3218 et
895 3158 1048 3218 numerose
1069 3160 1175 3219 cadens
1196 3197 1208 3233 ,
1230 3166 1361 3243 gravitas
1391 3186 1440 3224 me
1459 3164 1674 3225 smtentiatum
1696 3183 1810 3225 teneret
1833 3168 1865 3224 in

509 3246 613 3322 primis
639 3275 651 3311 ,
685 3261 745 3320 qua
767 3240 886 3300 eslluere
907 3240 1085 3312 videbantur
1106 3260 1141 3300 ex
1162 3246 1264 3302 animo
1285 3242 1501 3307 instrudlissrmo
1531 3251 1655 3326 optimis
1676 3246 1814 3318 artibus,
1835 3264 1865 3307 et

511 3344 597 3407 quenl
621 3320 811 3401 Philosophia
833 3321 988 3383 arllillime
1010 3323 1199 3402 complexum
1217 3345 1383 3406 nunquam
1406 3327 1555 3388 videretur
1571 3326 1729 3386 dimisisse.

575 3482 761 3546 Bernarlinus
782 3485 950 3543 Parthenius
971 3484 1038 3544 libro
1058 3493 1101 3545 II.
1123 3487 1156 3545 de
1177 3492 1292 3548 Pollice
1313 3494 1476 3549 [miratione
1492 3505 1554 3568 pag.
1571 3511 1617 3566 39.
1637 3488 1798 3566 ropham

732 3562 902 3624 cobriellum
922 3564 955 3623 de
974 3565 1142 3645 Augustino
1167 3572 1254 3642 nossro
1274 3577 1319 3629 ira
1340 3570 1490 3646 loquentem
1508 3569 1637 3629 inducit.

546 3728 582 3789 ln
605 3734 642 3789 iis
664 3728 835 3804 Augustinus
856 3725 1003 3799 Valerius,
1026 3733 1076 3807 qui
1099 3729 1147 3788 vel
1169 3752 1204 3790 oo
1225 3748 1358 3811 tempore
1379 3732 1523 3793 summam
1545 3733 1721 3793 excellentis
1749 3734 1862 3812 ingenii

506 3811 755 3892 exspoliationem
777 3807 1008 3879 commovebat,
1028 3814 1080 3888 qui
1100 3832 1166 3871 cum
1189 3813 1227 3871 ad
1248 3818 1443 3887 comitatem,
1463 3814 1732 3893 affabilitatemque
1752 3812 1863 3870 sermo-

509 3898 579 3963 nis,
601 3892 814 3971 prudentiam,
835 3889 1074 3970 probitatemque
1096 3892 1251 3974 plusquam
1272 3896 1436 3974 juvenilem
1459 3894 1637 3974 adjunxisset
1660 3931 1671 3967 ,
1691 3914 1757 3953 eam
1778 3890 1861 3951 futu-

505 3994 541 4032 rae
562 3973 659 4032 laudis
680 3970 924 4051 significationem
948 3969 1068 4044 dabat,
1090 3991 1121 4031 ut
1144 3996 1179 4033 co
1201 3980 1354 4054 pervenire
1375 3977 1477 4054 procul
1501 3976 1590 4034 dublo
1609 3991 1786 4055 putaretur,
1807 3973 1857 4032 ubi

506 4072 658 4132 tamquam
680 4052 872 4131 exmrplum‚
893 4071 984 4130 atque
1006 4050 1202 4130 spellaculum
1234 4060 1368 4117 omnium
1397 4057 1594 4116 doslrinarum
1616 4093 1631 4128 ‚
1652 4078 1686 4117 ac
1709 4059 1856 4115 virtutum

505 4138 535 4190 in
559 4134 606 4190 sua
631 4134 825 4212 Republica,
847 4135 902 4193 hoc
923 4131 963 4192 est
985 4136 1015 4189 in
1037 4134 1116 4193 orbis
1138 4135 1289 4209 theatro,
1311 4138 1474 4216 propositus
1508 4138 1682 4208 videretur,
1704 4137 1783 4196 illud
1804 4155 1856 4192 au·

502 4230 563 4271 tem
590 4214 731 4290 judicium
763 4216 836 4274 adeo
868 4234 935 4274 cum
967 4232 1053 4272 aetate
1089 4217 1294 4295 conlprobavit
1313 4252 1326 4287 ι,
1347 4235 1381 4277 ut
1412 4218 1502 4297 longe
1531 4220 1643 4298 majora
1666 4216 1858 4297 praelliterit,

501 4309 590 4373 quam
611 4295 647 4351 de
668 4292 696 4351 sc
718 4294 778 4373 ipse
800 4295 870 4356 esset
892 4294 1068 4374 pollicitus,
1088 4312 1145 4357 etc.
