4028 5710
377 335 460 437 ΙΝ
516 338 875 459 Epuuurs
934 339 1237 451 Linurs.
1365 396 1421 483 25

132 518 243 634 quam
268 514 388 604 destiti
408 515 496 626 ejus'
510 514 806 600 Constitutiones
828 517 1043 615 celebrare,
1068 518 1261 601 servandas
1283 518 1361 601 esse
1383 519 1488 626 jube.

130 663 200 731 re,
225 627 352 712 favere
380 627 450 711 illis
476 638 571 735 quos?
595 626 775 711 Gibertus
799 655 1023 721 amaverat,
1062 651 1101 708 er
1131 625 1491 734 parochialibuseo

133 740 252 829 clesris
264 736 518 867 praefecerat,
537 735 732 819 studebam
754 741 793 817 in
817 742 952 848 primis
969 734 1185 841 ,Philippus
1206 739 1418 824 Stridonius
1437 746 1488 828 so

132 874 232 951 nex,
259 879 298 933 ιιι
321 877 403 955 rure
424 849 606 931 canonico
628 846 793 930 versatus
816 844 949 946 ualde,
970 847 1037 954 qui
1060 845 1199 928 eodem
1219 845 1380 929 Giberto
1407 858 1486 959 epi.

131 964 246 1074 scopo
283 964 410 1041 vicarii
444 978 605 1036 munere
636 954 784 1040 fundus
817 954 942 1039 fuerat
965 1012 980 1056 ,
1007 954 1182 1037 eamdem
1208 978 1366 1063 operam
1392 959 1489 1043 mihi

134 1069 357 1185 praestabatz
388 1062 588 1146 audiebam
610 1068 730 1176 ipsum
752 1064 872 1177 saepe,
898 1062 1080 1172 sequebar
1100 1061 1179 1168 ejus
1209 1064 1357 1149 consilia
1376 1126 1391 1167 ,
1417 1067 1490 1152 illis

119 1206 204 1264 ‘me
227 1176 391 1257 multum
416 1171 601 1284 proficere
621 1176 848 1260 sentiebam.
870 1175 1092 1260 Scribebam
1113 1172 1303 1285 prioribus
1321 1176 1395 1261 illis
1408 1185 1486 1287 epi·

5 1296 11 1303 “
132 1293 314 1396 scopatur
344 1289 421 1365 mei
456 1291 558 1367 annis
588 1285 778 1369 sermones
856 1314 901 1369 os
930 1283 1119 1369 habebam
1153 1290 1191 1367 in
1223 1311 1295 1368 con
1325 1292 1488 1397 segatio-

135 1395 269 1493 uibur,
294 1398 333 1476 in
364 1395 538 1507 synodis,
560 1397 600 1474 in
617 1394 815 1478 visitationi
842 1426 909 1500 us,
940 1397 1025 1479 illos
1047 1398 1161 1476 etiam
1182 1419 1278 1499 quos
1296 1315 1489 1482 babebam

97 1600 104 1611 ⁸
146 1505 194 1589 ad
215 1500 512 1612 monachas-‚qui
533 1503 828 1584 sanesermones
851 1504 1005 1585 suerunt
1028 1498 1488 1608 quamplurimi,breves,

136 1641 176 1696 et
205 1614 381 1713 dilucidi,
407 1619 553 1720 paterni
575 1615 715 1695 amoris
737 1612 839 1721 pleni
864 1668 878 1711 ,
906 1612 1068 1694 sednon
1095 1608 1301 1693 admodum
1327 1613 1489 1715 eruditi,

134 1751 176 1807 et
209 1750 345 1834 pamm
381 1723 597 1832 elegantes.
641 1726 835 1805 communi
867 1746 939 1827 qua
973 1724 1118 1824 utimur
1154 1717 1310 1828 lingua,
1335 1721 1485 1812 fuerant

135 1835 286 1943 scripti,
314 1838 483 1938 quamvis
503 1833 557 1913 illi
582 1856 678 1939 quos
711 1833 758 1916 ad
782 1830 986 1916 monachas
1012 1829 1126 1917 habui
1151 1883 1166 1927 ‚
1188 1830 1389 1936 aliquando
1414 1836 1488 1919 val.

136 1945 185 2025 de
206 1941 299 2023 mihi
326 1939 396 2021 fint
420 1939 594 2053 probati,
616 1964 657 2021 er
680 1944 759 2023 vim
783 1969 960 2050 magnam
981 1941 1121 2027 habere
1142 1936 1235 2027 mibi
1256 1937 1327 2025 sint
1350 1943 1417 2026 visr
1439 1946 1488 2027 ad

137 2051 426 2159 consolandos,
450 2045 737 2135 inflammandos
755 2056 871 2138 etiam
895 2055 942 2137 ad
977 2048 1194 2138 monasticas
1220 2051 1378 2139 virtutes
1397 2055 1483 2140 reli.

133 2163 327 2271 glosatum
358 2159 580 2244 seminarum
608 2166 775 2246 animos.
840 2190 845 2203 ·
905 2166 909 2173 ’
1086 2194 1090 2201 ’

228 2298 266 2352 ι.
293 2270 358 2351 Ab
395 2275 505 2352 initio
530 2266 778 2380 episcopatur*
792 2275 871 2355 mei
893 2271 1084 2371 dubitaui,
1110 2298 1203 2352 num
1225 2270 1318 2352 mihi
1340 2298 1388 2352 ex
1407 2272 1489 2383 sug-

138 2300 246 2490 geso
274 2378 510 2485 loquendum
536 2383 631 2460 esset
652 2383 702 2461 ad
722 2405 775 2488 po
804 2380 933 2486 ultrm.
963 2407 1105 2461 naturae
1131 2406 1227 2459 meae
1246 2381 1493 2485 impedimen-

137 2515 176 2571 ta
218 2487 442 2573 videbantur
480 2487 688 2585 excusare,
715 2516 756 2569 et
839 2514 976 2570 emsa·
1001 2491 1191 2570 interdum
1224 2491 1493 2596 pronuntiandi

137 2601 331 2679 tarditas.
372 2596 448 2680 Sed
481 2597 678 2705 religiosus
714 2621 754 2679 et
789 2599 876 2705 pius
912 2601 1003 2697 vir,
1030 2600 1095 2702 qui
1117 2604 1222 2677 meas
1249 2594 1492 2682 conseffiones

137 2707 338 2813 audiebat,
365 2728 453 2788 cum
476 2704 571 2788 mihi
595 2706 948 2806 commemorasset,
970 2704 1181 2789 Aristotelis
1204 2706 1346 2805 libros,
1372 2733 1416 2790 ut
1436 2710 1489 2792 se-

136 2822 241 2900 nauri
280 2817 435 2900 Veneto
469 2812 814 2930 obtemperarem,
853 2814 987 2900 diebus
1018 2814 1176 2925 singuiis
1195 2815 1338 2923 aliquot
1372 2844 1490 2923 annos

138 2956 202 3009 me
229 2927 307 3008 e'sse
327 2926 618 3034 interpretatum
643 2987 658 3027 ,
695 2955 734 3009 et
750 2955 810 3010 eo
833 2952 1011 3034 tempore
1032 2934 1109 3008 non
1130 2928 1319 3009 caussasse
1338 2929 1491 3009 tardita-

139 3050 221 3143 t‘em
244 3035 417 3142 linguae,
445 3063 521 3116 non
545 3037 789 3117 admissurum
815 3038 980 3135 Deum,
1006 3035 1188 3136 dicebat,
1213 3035 1493 3119 excusationem

142 3172 268 3227 meam
285 3138 364 3240 ,si
396 3168 484 3224 cum
509 3140 630 3224 salius
662 3147 741 3226 sum
770 3144 1003 3253 episcopus,
1040 3146 1188 3251 legaurs
1216 3141 1389 3242 Chrisli,
1415 3143 1495 3230 file·
1529 3186 1539 3191 e

145 3266 253 3351 rem,
281 3268 415 3334 mutus
439 3252 728 3358 quodammodo
752 3254 888 3333 fierem
909 3307 924 3347 ,
948 3277 1103 3360 opera,
1127 3278 1166 3333 et
1187 3252 1312 3335 verbis
1331 3254 1494 3337 aliorum

142 3376 293 3458 uterer,
324 3388 412 3440 cum
439 3359 516 3466 ipse
541 3360 721 3439 medmcri
746 3382 875 3438 rerum
898 3362 1324 3465 cognitione,ingenio,
1350 3386 1495 3443 memo

140 3477 205 3553 ria'
223 3460 340 3551 essem
367 3467 545 3576 preditus
561 3470 626 3564 ,in
647 3490 727 3548 arte
747 3469 869 3548 eriam
877 3461 1064 3574 rhetorica
1082 3466 1494 3569 aliquantulumesrem

141 3576 369 3665 iullruslus.
409 3576 634 3686 suggerebat
657 3576 720 3659 illa
741 3571 836 3657 mihi
856 3576 977 3684 saepe:
999 3580 1054 3659 Va
1076 3572 1171 3655 mihi
1190 3581 1356 3688 qnoniam
1374 3584 1492 3661 tacui.

140 3689 262 3770 duan
285 3712 325 3767 ts
348 3709 475 3787 turn,
497 3706 538 3765 er
559 3682 715 3795 implebo
737 3684 857 3767 illud.
879 3710 1012 3793 argue,
1031 3680 1196 3791 obsecra,
1210 3693 1393 3797 surrepta
1416 3689 1493 3769 san·

139 3796 192 3883 sti
219 3804 333 3882 etiam
360 3799 538 3880 Francisci
560 3819 793 3907 praeceptum
817 3801 854 3878 in
876 3796 1045 3878 medium
1068 3794 1288 3899 afferebat,
1313 3800 1397 3881 saris
1419 3797 1497 3881 esre

143 3934 364 4017 proponere
387 3913 570 4005 virtutes,
598 3933 638 3986 er
659 3912 773 4003 vitia,
801 3905 989 4013 gloriam,
1015 3932 1056 3989 et
1076 3932 1234 4017 poenam
1270 3935 1358 3991 cum
1379 3908 1496 3990 brevi-

141 4044 222 4100 tate
244 4018 446 4121 sermonis,
474 4042 513 4097 et
539 4014 649 4098 sanlii
670 4019 863 4102 Dominici
887 4016 1011 4099 verbis
1035 4042 1146 4099 utens
1169 4015 1267 4115 (sub
1290 4018 1370 4121 ejus
1392 4022 1493 4101 euim

142 4127 276 4238 regula
308 4127 430 4212 suerat
456 4128 636 4208 educatur
659 4129 678 4232 )
705 4124 853 4209 dicebar
878 4183 892 4223 ,
920 4153 983 4223 me
1002 4131 1041 4207 in
1067 4123 1198 4208 libello
1227 4130 1390 4208 caritatis
1407 4131 1491 4212 esse

143 4242 384 4321 inventurum
407 4263 453 4319 ea
476 4261 560 4344 quae
583 4232 794 4320 Veronensi
815 4235 962 4347 populo
985 4230 1103 4317 essent
1128 4232 1350 4342 probatura.
1382 4238 1494 4344 Quas

143 4348 197 4432 ob
222 4349 365 4431 caussas
388 4375 466 4431 uon
498 4344 792 4458 approbantibus
818 4343 994 4428 omnibus
1019 4348 1184 4450 quorum
1217 4347 1294 4430 aliis
1315 4352 1356 4429 in
1376 4349 1491 4429 rebus

146 4457 326 4571 sequebar
348 4453 547 4542 consilium
568 4514 582 4555 ,
607 4456 834 4543 solemnibus
857 4452 1013 4650 fingulg
1036 4453 1170 4559 diebus
1195 4459 1234 4544 in
1257 4485 1397 4568 magna
1418 4456 1490 4535 fre.

1336 4589 1451 4670 queu-
