4028 5710
594 400 652 477 14
718 354 809 461 Dr
857 351 1209 453 Cnvrtortr
1254 347 1640 453 Auurnruon

516 534 600 614 lum
622 527 674 608 de
701 527 849 609 ratione
870 521 1078 608 studiorum
1104 519 1251 627 scripit,
1283 524 1389 629 quod
1414 520 1607 605 interdum
1644 512 1891 603 militabit

517 640 660 747 placuit
688 695 698 717 .
736 631 858 716 Evasit
884 633 948 714 hic
991 635 1137 714 senator
1165 639 1375 740 egregius:
1404 631 1512 715 illurn
1540 655 1581 713 tu
1611 625 1704 716 nolli
1732 627 1879 714 Romrt

520 772 717 832 oratorem
740 741 955 851 reipublicae
984 747 1138 850 negotia
1165 740 1479 838 traiiautem,sua
1504 765 1594 824 eum
1619 737 1755 823 laude.
1801 738 1887 827 Mi·

518 883 610 939 rum
628 852 828 951 fumeum
851 853 991 935 crebris
1012 850 1226 959 opusculis,
1253 876 1293 932 et
1322 852 1663 933 communicatione
1687 860 1877 935 meorum

518 964 733 1049 studiorum
760 963 968 1045 multorum
994 958 1086 1042 mihi
1122 958 1434 1047 benevolentiam
1455 956 1734 1054 conciliarem,
1761 957 1878 1062 quod

519 1081 564 1157 in
589 1072 806 1182 republica,
829 1077 866 1154 in
892 1096 967 1179 qua
993 1070 1219 1154 aemulorum
1247 1067 1356 1177 plena
1380 1071 1463 1154 sunt
1490 1072 1639 1176 omnia,
1665 1071 1704 1150 in
1730 1063 1878 1155 nullius

522 1206 708 1288 umquam
732 1184 959 1261 inimicitiam
986 1180 1215 1261 inciderim.
1257 1175 1333 1259 hoc
1358 1180 1478 1288 ipsum
1505 1178 1681 1261 meatum
1704 1176 1881 1283 scriptio-

518 1318 616 1376 num
639 1292 849 1373 contemtui
876 1287 1103 1372 tribuerim.
1133 1290 1239 1395 quod
1260 1314 1337 1371 non
1358 1291 1486 1396 magni
1512 1286 1682 1372 facerem
1704 1287 1880 1391 scriptio·
1987 1326 1990 1347 ι

519 1429 589 1484 nes
617 1426 745 1494 nreas,
772 1399 1045 1505 corrigendas,
1070 1422 1114 1479 et
1141 1394 1471 1505 reprehendendas
1497 1423 1730 1507 exponerem
1756 1397 1880 1475 omni-

520 1509 615 1609 bus,
642 1537 690 1589 ex
701 1505 844 1616 illisque
869 1504 963 1590 nihil
984 1507 1083 1590 aliud
1096 1564 1110 1606 ,
1124 1530 1237 1612 quam
1258 1504 1454 1591 liberalem
1475 1506 1708 1615 voluptatem
1735 1527 1881 1611 qurere-

519 1647 629 1715 tem,
649 1615 725 1700 hoc
746 1615 870 1700 fuerat
891 1616 1302 1725 argumentum,quod
1328 1616 1473 1697 nullum
1496 1640 1680 1722 umquam
1702 1642 1752 1696 ex
1777 1617 1876 1693 meis

522 1727 663 1809 libellis
684 1726 875 1808 edendum
900 1728 1153 1836 permiserim,
1180 1751 1259 1807 non
1286 1721 1483 1807 defuerant
1512 1730 1612 1808 enim
1638 1730 1702 1832 qui
1723 1748 1786 1805 me
1812 1721 1873 1801 sae·

520 1861 573 1947 pe
596 1837 642 1918 ad
665 1836 705 1917 id
733 1836 852 1918 essent
875 1833 1038 1932 hortati,
1066 1836 1111 1918 ad
1135 1830 1446 1915 existimationem
1468 1836 1704 1944 augendam.

580 1974 644 2051 17.
672 1945 837 2028 Cometa
866 1967 1117 2054 apparuerat:
1151 1941 1399 2024 calamitatem
1425 1948 1585 2027 minime
1612 1943 1874 2052 portendere,

524 2054 706 2162 opusculo
728 2055 895 2158 quodam
919 2079 1074 2136 conatus
1093 2055 1173 2134 sum
1196 2050 1591 2160 demonstrare,quod
1614 2053 1660 2134 ad
1682 2055 1877 2136 Marinum

530 2168 784 2261 Grimanum,
810 2168 875 2269 qui
901 2190 1001 2244 nunc
1020 2165 1281 2270 procuratoris
1304 2159 1486 2271 dignitate
1509 2159 1562 2243 est
1580 2160 1794 2270 insrgnitus3
1824 2161 1874 2243 ad

526 2298 643 2379 quem
666 2274 784 2356 etiarn
813 2273 1098 2369 Somnium,de
1121 2294 1199 2377 quo
1225 2276 1461 2360 mentionem
1481 2268 1878 2376 feci,mil'eram·,scri·

526 2380 776 2492 psrzminime
812 2383 1003 2463 eruditum
1031 2377 1504 2491 opusculum3eleganter,
1531 2406 1571 2461 et
1599 2392 1729 2464 ornate
1749 2384 1876 2491 potius

526 2495 710 2601 scriptum
736 2551 747 2572 .
774 2488 878 2572 Usus
905 2490 1050 2572 fueram
1076 2516 1163 2572 cum
1186 2488 1304 2568 esrem
1330 2491 1497 2586 Patavii,
1523 2512 1662 2599 preter
1686 2490 1874 2572 Lazarum

526 2603 800 2695 Eonamicum,
826 2626 865 2678 et
885 2601 1062 2680 Marcum
1089 2603 1300 2681 Antonium
1322 2602 1520 2696 Genuam,
1546 2597 1715 2703 Bassiano
1739 2598 1873 2681 Lando

496 2718 502 2731 ‘
528 2706 739 2817 magistro,
765 2710 831 2812 qui
856 2703 974 2787 libros
1001 2703 1214 2791 Aristotelis
1242 2730 1367 2811 grece
1390 2709 1620 2814 conscriptos
1646 2706 1735 2789 mibi
1762 2713 1874 2790 inter·

526 2816 748 2924 precabatur
769 2815 967 2923 perlpicue
994 2816 1099 2896 satis:
1127 2809 1350 2897 hortabatur
1373 2843 1437 2899 me
1462 2871 1476 2912 ,
1503 2841 1543 2899 et
1569 2819 1793 2920 omnesqui
1824 2818 1873 2898 ad

384 2926 386 2929 ’
525 2926 638 3013 illurn
656 2916 963 3020 accedebamus,
984 2948 1025 3009 ιιι
1051 2922 1282 3031 elegantiam
1307 2922 1411 3009 latini
1436 2928 1613 3009 sermonis
1641 2950 1730 3005 cum
1754 2921 1874 3034 philo

526 3033 687 3143 sophicis
699 3030 944 3142 dogmatibus
965 3033 1308 3139 conjungeremus.
1337 3036 1401 3117 De
1413 3034 1609 3145 Tempore
1630 3060 1749 3115 unum
1771 3033 1874 3115 libel·

529 3145 610 3227 lum
633 3140 779 3248 scripsi,
798 3165 917 3248 atque
942 3148 1057 3225 etiarn
1080 3143 1128 3223 de
1152 3141 1263 3225 Loco
1289 3143 1619 3251 alterum,quibtts
1640 3139 1731 3226 nihil
1759 3147 1872 3227 conti·

529 3277 643 3335 netut
671 3252 799 3348 aliod,
827 3248 917 3350 nib,
946 3249 1144 3335 confutatis
1170 3250 1329 3335 aliorum
1356 3249 1663 3363 philosophomm
1692 3256 1873 3364 opinioni·

529 3365 622 3459 bur,
641 3364 840 3445 ‚sententia
867 3360 1101 3460 Arilloreiir,
1126 3378 1171 3441 ur
1196 3365 1304 3471 ponti
1325 3416 1340 3458 ,
1365 3362 1504 3460 latine,
1531 3370 1572 3446 e'r
1597 3360 1792 3470 eleganter
1813 3392 1872 3444 ert·-

526 3471 699 3580 plicata.
742 3473 817 3554 Sed
841 3471 906 3553 ille
932 3496 1049 3578 quem
1072 3474 1264 3563 nominavi
1290 3472 1499 3567 ssaffitnus,
1526 3478 1561 3556 in
1592 3471 1784 3579 elegantia
1803 3470 1868 3555 ser·

528 3583 656 3662 tironis
690 3580 978 3689 perquirenda,
1016 3606 1057 3663 er
1079 3585 1115 3662 in
1144 3583 1428 3667 contemnendis
1456 3580 1686 3688 philosophis
1713 3582 1783 3662 illir
1808 3585 1868 3685 qul

527 3691 632 3773 latini
653 3714 721 3789 ,er
742 3685 944 3769 scholastici
967 3692 1331 3784 nominantur,errt
1354 3695 1509 3794 nimius,
1536 3716 1610 3798 qua
1633 3693 1682 3772 de
1701 3718 1744 3772 re
1771 3713 1868 3770 ante·

530 3825 650 3908 quam
675 3825 724 3880 etr
750 3794 821 3879 hac
848 3801 925 3878 vita
949 3796 1155 3881 discederet
1176 3856 1192 3896 ,
1221 3801 1327 3884 illum
1354 3827 1600 3884 monueram.
1626 3805 1685 3883 vir
1707 3799 1870 3906 alioquin

528 3912 713 4018 ingenio,
736 3931 776 3989 et
797 3910 900 3989 varia
921 3910 1132 3991 eruditione
1160 3909 1333 4018 praestans
1356 3934 1458 3993 erat.
1484 3986 1487 3991 ⁴

537 4084 549 4099 .
586 4015 653 4131 ιθ,
679 4021 785 4104 Crtm
807 4018 885 4121 ipse
905 4013 1051 4101 absente
1076 4042 1185 4125 patre
1209 4032 1223 4115 ²,
1265 4046 1379 4126 atone
1399 4022 1519 4123 etiarn
1541 4019 1733 4102 otuneulo
1756 4016 1867 4118 ,fine

528 4124 1002 4227 santonuuffuiroribus
1016 4124 1068 4223 ,st
1091 4132 1155 4235 qui
1181 4127 1515 4226 fuerunntantun
1536 4159 1564 4210 ο
1594 4129 1726 4213 usculis
1749 4131 1872 4233 meir)

530 4236 871 4347 opumnrdinum
890 4232 1076 4351 fuissem,
1115 4240 1241 4325 terrio.
1255 4268 1291 4321 a.
1305 4240 1528 4349 petitionem
1586 4240 1764 4322 incudum
1784 4238 1871 4346 judi·

532 4346 614 4427 cati
637 4401 657 4441 ,
676 4347 804 4435 denuo
829 4350 1026 4431 Patavium
1050 4349 1285 4455 adoptimas
1307 4347 1515 4453 disciptlinas
1540 4351 1800 4458 percipiendas
1819 4372 1872 4428 te·

535 4452 731 4577 dtoodtrm
744 4502 768 4535 .·
780 4455 1257 4571 Frequentrbunpublien
1276 4454 1469 4567 gymnade
1489 4458 1615 4543 multo
1633 4459 1876 4650 diligegtiutr

596 4636 600 4646 .
664 4636 669 4647 .
1775 4593 1815 4647 o
