4028 5710
403 359 485 464 Iu
542 364 909 480 Eotnnts
971 371 1285 484 Lrnuts..
1393 413 1453 508 4³

165 538 266 623 tium
291 539 451 646 postam
479 535 687 649 inignem,
714 562 753 619 et
781 539 1083 622 Cremonensem
1111 540 1213 625 illum
1242 544 1405 644 Vidam,
1433 553 1521 631 San·

160 651 357 732 nazarium
391 649 542 745 eriam,
570 646 654 756 poll
681 643 841 756 insignes
867 674 964 753 quos
1004 661 1386 738 commemoravimus
1431 670 1523 765 poe-

159 782 246 856 tas,
274 762 355 865 quis
381 786 460 839 non
480 759 521 841 le
572 784 586 838 t
613 756 830 840 interdum?
858 764 1068 840 cautionem
1093 765 1208 869 igitur
1229 765 1387 846 dicimus
1414 764 1518 848 adbi-

162 861 317 947 ltndem
342 872 386 949 in
410 865 500 949 eden
527 873 562 944 is
588 860 723 962 libris,
750 895 826 951 non
864 867 1111 974 prohibemus
1132 895 1258 953 tamen
1283 872 1515 960 scribendum

162 973 240 1061 effe
279 975 423 1081 aliquid
449 1009 461 1059 t
487 975 620 1058 laudo
654 973 781 1059 nollto
806 1035 821 1078 ‚
846 977 1028 1060 fertilitati
1069 982 1311 1088 ingeniorum
1349 982 1518 1085 injuriam
1623 1020 1627 1025 ’

161 1113 240 1171 non
266 1085 446 1168 facimus.
475 1087 688 1185 Cavearur,
713 1117 761 1171 ne
784 1112 868 1195 quae
889 1088 936 1170 ab
963 1090 1042 1171 aliis
1061 1091 1195 1192 scripta
1219 1090 1373 1188 funt‚in
1398 1119 1517 1174 novos

161 1193 436 1277 transferantur
461 1193 602 1297 libros,
629 1222 669 1281 et
695 1226 744 1280 ne
770 1197 1030 1305 quaestionibus
1055 1197 1272 1301 inutilibus,
1299 1201 1423 1284 multo
1450 1207 1518 1284 mi·

161 1330 234 1388 nus
259 1298 497 1403 inofficiosis,
520 1305 606 1389 libri
632 1310 884 1417 impleantur.
1375 1370 1380 1375 -

218 1433 249 1513 5
279 1469 289 1490 .
314 1415 531 1519 Antequam
564 1418 648 1519 quis
671 1420 718 1500 ad
745 1418 978 1503 scribendum
1005 1421 1043 1503 se
1070 1419 1242 1503 conferat
1264 1479 1279 1518 ‚
1304 1421 1509 1526 diligenter

164 1516 411 1619 confideret,
439 1524 531 1634 quid
552 1520 723 1632 scribat,
749 1527 884 1608 deinde
916 1528 1085 1635 qumodo
1110 1523 1258 1635 scribat
1281 1584 1295 1625 ,
1321 1527 1349 1610 sr
1375 1529 1511 1612 habeat

161 1626 344 1712 scribendi
366 1630 610 1734 facultatem,
636 1635 664 1719 sr
692 1635 856 1717 versatus
879 1634 925 1718 stt
953 1644 987 1719 in
1016 1640 1147 1746 primis
1174 1636 1336 1742 artibut3
1365 1639 1514 1720 mirabi-

158 1738 199 1821 le
222 1742 323 1820 ent'm
347 1738 397 1822 ell
421 1744 597 1850 quosdam
626 1747 818 1857 interdum
841 1743 1015 1857 scripstlle
1040 1751 1090 1827 ita
1112 1748 1289 1845 barbare,
1316 1753 1367 1828 ita
1393 1752 1511 1855 inqui·

159 1872 271 1945 nare,
286 1875 328 1929 ur
354 1849 430 1957 legi
443 1851 517 1934 stne
541 1854 757 1954 fastidio‚er
783 1854 861 1938 fine
886 1854 1089 1938 molestiaa
1112 1861 1200 1940 vitis
1225 1859 1466 1942 mediocriter
1477 1863 1513 1941 in

157 1955 271 2039 bonis
295 1957 435 2040 artibus
455 1965 605 2046 versatis
631 1995 709 2048 non
734 1989 901 2070 queanr3
931 1991 1164 2076 quamquam
1193 1996 1269 2051 non
1300 1996 1508 2077 negantur,

160 2068 322 2259 pondus.
336 2069 625 2172 sententiatum,
639 2101 680 2157 et
700 2102 859 2159 acumen
882 2080 1022 2184 ingenii
1046 2079 1169 2161 latere
1194 2077 1384 2160 interdum
1408 2083 1444 2159 in
1468 2079 1510 2160 li·

187 2181 238 2258 ris
273 2175 456 2279 barbare,
482 2208 522 2265 et
554 2187 750 2292 inquinate
776 2187 994 2292 conscriptis
1030 2186 1077 2267 ab
1104 2183 1342 2281 hominibus,
1370 2191 1432 2291 qui
1461 2212 1510 2267 ne

160 2287 362 2368 minimum
386 2291 541 2393 quidem
563 2291 725 2376 studium
748 2297 787 2375 in
811 2299 992 2375 orationis
1017 2297 1206 2402 elegantia
1232 2290 1507 2397 adhibuerunt3

161 2417 207 2474 ut
230 2396 420 2477 interdurn
443 2401 480 2480 in
506 2398 599 2483 limo
626 2402 885 2484 absconditum
899 2398 952 2483 est
976 2428 1109 2483 autum
1123 2433 1133 2481 t
1148 2403 1375 2505 atquoniam
1399 2402 1434 2480 id
1458 2427 1513 2487 ta·,

161 2527 209 2585 to
229 2501 274 2585 fit
291 2530 358 2600 ‚et
379 2506 588 2606 incultam,
610 2536 650 2592 et
674 2509 861 2592 sordidam
884 2511 1097 2591 orationem
1121 2505 1326 2611 respublica
1353 2506 1512 2593 literaria

160 2639 242 2694 non
267 2610 374 2696 facile
408 2617 572 2700 admittit
600 2674 614 2715 ,
639 2617 880 2702 hortaremur
905 2645 1010 2715 nos,
1038 2621 1101 2725 qui
1123 2615 1265 2700 nullam
1289 2615 1403 2699 latine
1430 2619 1511 2700 scti-

160 2718 275 2805 bendi
297 2721 515 2807 facultatem
544 2725 662 2812 habet
682 2785 698 2828 ,
719 2753 766 2810 ut
788 2756 809 2810 a
830 2725 1105 2810 conscribendis
1132 2725 1259 2823 libris,
1286 2749 1351 2807 aut
1376 2727 1508 2811 saltem

158 2830 209 2914 ab
235 2832 391 2916 edendis
413 2833 633 2920 abstineret.
661 2839 741 2926 Res
761 2835 964 2935 mirabilis,
990 2836 1106 2934 Silvi,
1129 2835 1234 2942 quod
1254 2833 1336 2918 fere
1360 2835 1510 2945 semper

158 2946 199 3025 in
236 2941 528 3049 praestantissimis
550 2947 792 3055 scriptoribus
813 2947 1028 3058 sapientiam
1063 2972 1151 3027 cum
1178 2945 1394 3051 eloquentia
1419 2974 1513 3028 con·

158 3051 325 3158 junctam
354 3057 515 3152 videas,
541 3082 581 3138 et
609 3084 678 3139 eos
713 3062 777 3164 qui
814 3061 975 3138 maxima
1011 3083 1099 3136 cum
1126 3054 1238 3134 laude
1261 3052 1513 3157 scripserunt,

156 3162 435 3270 quamplurima
456 3159 633 3272 scripsisse
656 3165 951 3247 animadvertas.
971 3164 1083 3245 Plato
1102 3156 1391 3269 philtfirphotvm
1411 3176 1511 3241 Deus
1617 3260 1622 3265 θ

158 3270 364 3368 sudaster,
391 3297 431 3351 et
453 3279 622 3354 oratorie
644 3276 753 3355 nitnis
787 3298 808 3353 a
828 3273 1018 3354 Cicerone
1046 3293 1285 3372 nuncupatus
1308 3268 1381 3352 est:
1410 3273 1509 3352 idem

150 3374 323 3489 flames
348 3398 468 3456 nator
493 3380 612 3465 diuus
637 3437 648 3460 .
680 3375 903 3462 Aristoteles
938 3382 1055 3458 etiam
1080 3374 1327 3483 philosophus
1351 3381 1511 3460 eximius

159 3505 297 3569 mura
312 3476 440 3591 scriba
462 3485 515 3570 ell
539 3486 682 3572 elisius:
707 3512 866 3569 aureum
890 3483 1034 3569 flumen
1045 3487 1270 3589 eloquentiae
1300 3489 1336 3566 in
1358 3510 1407 3566 eo
1428 3484 1509 3569 suis·

158 3599 222 3692 se,
248 3595 371 3678 scribit
403 3596 628 3681 Plutarchus
665 3624 688 3677 a
720 3599 913 3682 Cicerone
935 3595 1007 3678 dici
1029 3595 1280 3678 consuevisse.
1309 3596 1512 3676 Nazianze-

160 3734 255 3791 num
279 3703 482 3816 theologum
508 3705 711 3815 appellavit
747 3709 978 3813 antiquitas,
1005 3708 1114 3787 multi
1134 3704 1219 3807 jure
1252 3702 1359 3782 illurn
1386 3715 1511 3782 Deme

152 3812 320 3923 sthenem
352 3812 641 3921 eeclessassnm.
687 3816 846 3925 longum
880 3817 975 3898 esset
999 3870 1014 3913 ‚
1042 3811 1070 3896 st
1103 3813 1302 3894 dosioruru
1338 3816 1511 3893 omnium

159 3953 404 4034 graecorum,
431 3953 470 4007 et
492 3926 691 4008 latinorum
715 3925 791 4007 hoc
813 3926 901 4007 loco
934 3927 1168 4008 mentionem
1193 3918 1383 4003 facerem.
1414 3923 1509 4002 Sane

160 4036 226 4142 qui
251 4035 598 4132 dostilstmi‚iidem
622 4034 838 4118 diserrilfimi
858 4032 1033 4116 fueruntt
1060 4056 1130 4114 nec
1156 4028 1362 4138 quamdam
1385 4024 1510 4119 fando

159 4145 323 4227 Thomae
354 4142 510 4228 delitiffe
545 4143 728 4228 scribendi
759 4144 1017 4255 elegantiam,
1047 4168 1091 4223 ut
1118 4138 1181 4220 illa
1208 4161 1386 4245 tempora
1411 4135 1507 4222 tule-
1536 4194 1539 4199 -

157 4280 274 4355 tunt,
301 4257 529 4337 dixerimus:
555 4282 670 4337 nemo
695 4253 857 4339 sanflum
880 4254 986 4336 illum
1011 4256 1134 4333 virum
1161 4245 1341 4341 barbare,
1366 4272 1431 4331 ant
1453 4250 1507 4331 in·

154 4371 313 4472 quinate
339 4365 517 4478 scripsisse
544 4363 698 4449 audebit
725 4364 873 4447 dicere:
897 4358 1158 4470 pulcherrimis
1179 4357 1282 4441 illum
1306 4351 1508 4439 floribuse

156 4473 420 4587 philosophis,
445 4504 495 4562 ex
515 4471 721 4573 historicis,
734 4501 785 4555 ex
806 4478 931 4583 postis
953 4474 1066 4663 egam
1095 4467 1280 4582 decerptis
1304 4465 1507 4651 librosasor·

1063 4607 1088 4659 2
1380 4603 1407 4655 n
1443 4620 1457 4637 ·
