4028 5710
564 329 620 413 28
714 304 1200 417 DuCnvrvoun
1245 295 1622 406 Anutuzrvur

495 481 636 569 Saudo
661 481 750 562 duci
791 477 1018 577 arbitrarer,
1045 501 1187 560 tantam
1222 475 1299 556 vim
1331 469 1435 584 apud
1470 497 1534 552 me
1569 470 1781 572 habebant,
1811 496 1874 561 ut

497 591 763 678 contradicere
782 593 1000 694 nequirem.
1390 674 1398 684 ,

552 730 616 808 34
643 703 754 784 Onus
773 697 910 804 suscepi
930 695 1112 779 scribendi
1138 691 1419 777 ecclefiasticam
1442 690 1703 776 rhetoricamr
1733 694 1868 780 tribus

500 812 608 893 illam
628 807 731 889 libris
753 805 919 888 distinxi:
949 804 1223 888 Arislotelicam
1245 806 1368 885 nescio
1392 826 1504 906 quam
1529 801 1760 887 methodum
1789 810 1864 891 ad-

495 918 600 1002 hibui
624 949 634 999 r
660 918 810 1000 labores
844 918 984 1024 pertuli
1013 920 1200 997 maximos
1236 942 1313 995 non
1351 915 1506 992 minima
1536 940 1624 992 cum
1651 914 1862 1022 voluptate

496 1026 740 1134 conjunsbos:
768 1032 876 1136 parui
898 1029 1005 1109 servo
1039 1027 1116 1107 Dei
1150 1027 1199 1106 de
1232 1049 1296 1104 me
1325 1022 1342 1122 (
1369 1020 1460 1128 qnid
1483 1022 1608 1104 dicam
1634 1022 1684 1104 de
1707 1053 1771 1108 me
1797 1028 1861 1111 so-

496 1139 578 1219 lum
601 1142 619 1221 s
646 1140 664 1238 )
692 1138 741 1217 de
762 1137 945 1246 episeopis
972 1134 1296 1241 quamplurimis,
1324 1135 1373 1214 de
1401 1131 1474 1233 ipsa
1501 1139 1615 1215 etiam
1644 1132 1766 1219 sanda
1794 1165 1862 1220 ec·

498 1243 608 1329 clefia
628 1247 708 1328 Dei
731 1249 877 1351 optime
902 1252 1061 1327 metito.
1089 1243 1188 1324 lilius
1212 1270 1277 1325 me
1297 1241 1438 1326 laboris
1457 1270 1534 1324 non
1559 1246 1753 1353 poenitet,
1780 1274 1859 1329 nec

499 1353 708 1466 poenitebit
735 1379 1039 1460 umquam,cum
1068 1354 1273 1436 audiverim
1297 1350 1416 1435 oslies
1442 1353 1592 1433 editum
1617 1350 1728 1435 fuisse
1754 1382 1861 1466 opus

499 1464 620 1561 illud,
647 1489 688 1546 er
715 1464 921 1573 probatum
945 1469 1222 1573 optimorum,
1249 1488 1290 1543 et
1316 1457 1517 1544 <roborum
1542 1460 1738 1544 hominum
1759 1464 1858 1569 judi-

499 1580 596 1678 cio,
628 1578 765 1677 quain
800 1602 842 1654 re
864 1601 926 1653 me
950 1576 1073 1657 divina
1107 1596 1184 1680 ope
1205 1571 1375 1677 adjutum
1407 1566 1482 1651 else
1508 1570 1598 1653 sensi
1625 1606 1636 1648 r
1666 1572 1856 1678 profuerit

502 1709 621 1766 necne
642 1680 809 1778 clericis,
826 1681 987 1764 aliorum
1010 1679 1054 1764 stt
1074 1681 1279 1786 judicium.
1308 1677 1610 1763 Ptaeleslionibus
1632 1681 1776 1780 tribus,
1789 1713 1857 1767 au.

500 1792 632 1873 diense
663 1790 836 1872 universo
870 1792 996 1888 clero,
1027 1815 1102 1896 qua
1131 1792 1276 1871 ratione
1302 1814 1400 1899 opus
1426 1789 1518 1871 illud
1547 1793 1695 1901 perlegi
1718 1793 1857 1899 podir,

502 1928 544 1986 et
567 1925 641 2008 qua
663 1926 752 1980 cumw
777 1900 963 1997 utilitate,
986 1897 1151 1981 ostendi.
1177 1902 1218 1980 ln
1241 1899 1309 1980 illo
1333 1897 1484 1981 edendo
1509 1924 1647 1983 tantam
1669 1902 1745 2012 ipse
1770 1930 1857 1987 cau·

502 2015 649 2094 tionem
675 2006 826 2090 adhibui
853 2035 929 2104 ,ut
959 2011 1173 2118 rogaverim
1208 2008 1304 2116 sape
1324 2008 1570 2091 Cardinalem
1593 2011 1856 2097 Borromaeum

503 2144 547 2202 ut
567 2121 775 2201 editionem
800 2116 996 2200 differret.
1020 2120 1095 2200 Sed
1118 2143 1209 2199 vere
1232 2120 1353 2201 dicam
1367 2145 1521 2214 ‚amore
1544 2125 1582 2201 in
1605 2146 1669 2203 me
1690 2122 1756 2203 suo
1777 2148 1857 2206 tan·

502 2253 589 2311 tum
610 2233 733 2310 virum
770 2227 1043 2332 aliquantulum
1077 2228 1282 2337 deceptum
1320 2227 1547 2310 crediderim
1582 2233 1678 2312 meis
1698 2236 1736 2312 in
1762 2231 1857 2337 judi.

501 2339 630 2421 caudis
655 2336 936 2446 scriptionibus.
976 2337 1054 2417 Vbi
1077 2337 1200 2417 editus
1226 2337 1298 2418 suit
1334 2336 1430 2417 liber
1456 2334 1655 2422 rhetoricae
1686 2339 1849 2422 ecclesia

502 2445 628 2544 sticae,
651 2447 717 2529 sub
740 2448 821 2552 ejus
841 2448 951 2530 titulo
972 2447 1236 2557 religiosorum
1258 2450 1428 2528 virorum
1453 2448 1698 2545 dodisstmus,
1724 2473 1763 2529 et
1785 2449 1855 2532 do·

504 2555 748 2645 dissimorum
769 2555 1081 2662 religiosissimus,
1097 2556 1274 2664 Aloysuts
1284 2553 1521 2638 Granatensts
1542 2558 1606 2639 sex
1628 2558 1744 2641 libros
1768 2589 1853 2643 con

502 2663 670 2774 scripsit,
697 2664 961 2745 sententiarum
984 2668 1192 2771 gravitate,
1216 2666 1480 2769 exemplorum
1509 2672 1761 2765 varietate,et
1783 2672 1806 2751 s
1825 2675 1851 2748 i·

503 2778 600 2856 titus
622 2774 790 2881 quodam
818 2770 1002 2870 fervore,
1028 2772 1145 2855 tribus
1169 2778 1264 2856 meis
1295 2772 1396 2856 libris
1429 2774 1700 2885 praestantiores
1720 2697 1854 2862 valddr

507 2886 613 2990 quod
637 2908 735 2994 opus
757 2882 855 2964 duos
876 2880 960 2991 post
981 2912 1192 2967 annosum
1215 2912 1299 2966 cum
1327 2882 1452 2967 nostro
1480 2885 1621 2966 editum
1647 2880 1721 2966 est.
1762 2889 1853 2968 Nos

503 2993 655 3075 brevius
680 2992 909 3090 ,dilucidius
935 2997 1046 3074 etiam
1070 2989 1247 3076 fortasse:
1273 2993 1340 3077 ille
1361 2991 1570 3104 copiosus,
1596 3019 1636 3075 et
1663 2991 1851 3100 aliquanto

505 3103 695 3184 obscurius
729 3129 813 3183 rem
839 3100 1030 3184 traslavit.
1060 3103 1169 3213 plura
1193 3106 1270 3207 ipse
1297 3113 1412 3212 quam
1452 3132 1546 3201 nos,
1568 3132 1617 3185 ex
1641 3105 1851 3202 Cicerone,

506 3236 547 3292 er
575 3211 814 3315 Qrintilitno
849 3218 886 3293 in
919 3211 1151 3295 rhetoricam
1173 3211 1468 3297 >ecclefiastrcarn
1494 3210 1696 3295 transtulit.
1721 3242 1763 3295 ut
1787 3241 1852 3297 nec

506 3320 698 3419 dodrina,
722 3350 792 3404 nec
817 3322 965 3404 dicendi
997 3319 1174 3407 facultate
1210 3352 1297 3408 curn
1320 3351 1428 3407 tanto
1452 3326 1535 3404 vito
1564 3320 1778 3405 conserendi
1802 3324 1852 3405 su·

508 3457 617 3528 mus,
641 3437 696 3512 ita
728 3460 800 3512 nec
829 3430 1020 3514 rhetorica
1054 3432 1292 3519 ecclefiassica
1315 3461 1429 3542 quam
1457 3428 1738 3540 conscripsimus
1761 3460 1853 3530 nos,

507 3562 592 3621 cum
616 3541 680 3622 illa
704 3565 818 3646 quam
852 3541 926 3648 ipse
952 3544 1091 3638 edidit,
1121 3544 1347 3627 conserenda
1375 3541 1448 3625 est.

562 3676 628 3756 35.
656 3652 762 3731 Cum
789 3673 915 3730 autem
941 3649 1076 3733 scelesti
1108 3656 1258 3761 quidam
1287 3653 1459 3735 homines
1486 3659 1610 3735 virum
1638 3656 1713 3738 Dei
1735 3653 1851 3734 Caro·

510 3762 590 3843 lum
616 3759 859 3841 Cardinasem
879 3762 1139 3844 Bortomaeum
1169 3765 1493 3872 archiepiscopum
1509 3761 1852 3858 Mediolanensem,

509 3869 684 3955 emedio
709 3868 845 3951 tollere
874 3872 998 3951 conati
1020 3870 1195 3972 suissent,
1222 3881 1258 3955 in
1280 3874 1463 3978 illumque
1485 3899 1656 3955 orantem
1680 3877 1718 3953 in
1740 3875 1853 3979 priva-¹

509 4007 553 4062 ro
574 3982 743 4063 oratorio
768 3978 936 4062 ferreum
961 3979 1159 4088 globulum
1183 3982 1359 4087 injesium
1382 3981 1487 4065 suisse
1515 3982 1756 4077 audivissem,
1782 4006 1854 4085 quo

510 4114 640 4172 tamen
672 4095 729 4178 vir
761 4089 904 4177 sanlius
940 4087 1115 4199 fingulari
1148 4096 1225 4176 Dei
1252 4091 1438 4177 beneficio
1471 4121 1549 4177 non
1580 4091 1706 4172 suerat
1731 4089 1852 4190 lasus,

510 4196 638 4305 scripsi
658 4198 796 4283 librum
818 4202 865 4283 de
893 4198 1039 4283 nefario
1063 4204 1149 4283 ausu
1174 4206 1213 4282 in
1240 4202 1483 4286 Cardinalem
1511 4204 1797 4295 Borromaeum,
1817 4197 1854 4277 in

514 4312 593 4411 qdo
617 4305 665 4387 de
688 4310 765 4389 Dei
792 4311 1028 4416 providentia
1049 4312 1170 4394 multa
1193 4312 1362 4418 conjeci,
1381 4336 1421 4394 et
1443 4315 1608 4396 divinum
1632 4308 1855 4392 beneficium

518 4410 527 4433 l

511 4418 763 4605 §civitatem
782 4419 1104 4517 Mediolanensem
1128 4479 1142 4524 ,
1165 4449 1205 4507 et
1229 4421 1422 4510 ecclesiam
1444 4425 1522 4510 Dei
1544 4420 1726 4532 explicavi
1739 4418 1858 4606 lpluvi,

1104 4570 1107 4589 ι
1764 4550 1806 4607 us
