4028 5710
393 344 478 453 Iu
522 349 896 454 Ennianis
944 348 1261 454 Lrnnrs.
1414 402 1437 488 5

142 518 361 633 Gregorius
386 579 401 623 ,
423 525 665 633 Cyprianus,
692 525 881 621 Hilarius,
913 548 951 603 et
972 521 1105 628 reliqui
1129 526 1166 604 in
1191 520 1362 605 manibus
1395 530 1503 606 erant

143 638 322 716 omnium
345 667 356 735 3
383 657 423 713 et
455 631 597 715 rannus
625 632 799 714 Thomas
825 630 1127 714 'sanstissimorum
1169 637 1337 713 virorum
1375 634 1504 716 doslis-

143 740 262 823 srmus
296 800 310 840 ,
349 769 438 822 cum
470 748 787 823 commentarium
828 741 934 824 sandi
971 738 1229 848 Chrysostorni
1265 746 1304 821 in
1338 741 1498 825 sensium

146 847 412 959 evangelistam
436 848 659 932 Matthaeum
682 856 720 932 in
743 850 824 956 ejus
844 877 974 931 manus
1007 843 1253 957 pervenisset,
1289 846 1502 929 thesaurum

61 984 69 993 ·
147 960 188 1042 se
213 954 391 1069 reperisse
418 957 662 1053 existimans,
692 960 753 1040 sua
775 956 886 1043 manu
918 958 1008 1037 illud
1034 982 1158 1050 totum
1181 949 1405 1063 descripsisse
1430 954 1500 1035 fer-

145 1092 239 1166 rur,
268 1064 483 1150 industriam
522 1066 785 1150 Demosthenis
820 1073 1019 1162 imitatus,
1059 1070 1124 1171 qui
1151 1064 1389 1171 Thucydidis
1415 1064 1496 1144 scri-

143 1202 217 1284 pta
240 1200 315 1256 non
343 1175 478 1268 semel,
505 1175 568 1255 sed
589 1176 704 1259 odies
731 1177 994 1284 descripserat.
1114 1202 1117 1207 ·
1413 1238 1419 1245 .
1487 1202 1493 1213 ·

154 1322 157 1330 ¹
207 1310 239 1386 3·
265 1283 314 1364 Et
339 1281 510 1389 profesio
533 1282 561 1364 st
585 1290 667 1389 quis
695 1284 1002 1394 praellantissimos
1024 1290 1165 1381 viros,
1194 1289 1256 1393 qui
1290 1308 1494 1392 autequam

145 1418 211 1471 ars
240 1393 577 1499 imprimendorum
599 1394 782 1475 librorum
816 1392 907 1475 ellet
928 1419 1103 1501 reperta,
1128 1389 1363 1488 floruerunt,
1402 1422 1490 1473 cuna

106 1547 111 1557 ·
142 1497 219 1578 illis
241 1504 314 1603 qoi‘
329 1497 416 1606 post
442 1526 526 1582 eam
553 1525 741 1607 repertam
767 1527 995 1598 centum,et
1019 1501 1178 1607 amplius
1204 1501 1249 1580 ab
1273 1498 1361 1578 hinc
1382 1507 1493 1581 annis

141 1606 324 1690 dodrinae
343 1606 480 1689 famam
502 1610 584 1690 sunt
613 1611 838 1705 consecuti,
864 1613 1159 1715 comparaverit,
1184 1633 1321 1689 vereor
1355 1636 1402 1688 ne
1430 1633 1490 1689 re·

143 1719 333 1798 centiores
354 1716 474 1797 multo
496 1716 692 1798 inferiores
725 1719 996 1820 antiquioribus
1036 1716 1326 1824 dignoscantur3
1356 1741 1485 1822 quam-

141 1848 261 1931 quam
295 1853 372 1905 non
404 1828 689 1933 negaverimus,
716 1828 941 1909 excellentes
975 1825 1158 1933 plurimos
1188 1832 1290 1906 viros
1323 1822 1407 1935 post
1433 1852 1487 1907 ar-

142 1957 225 2014 tem
262 1936 617 2043 imprimendorum·
642 1935 823 2017 librorum
856 1961 1051 2042 repertam
1088 1931 1297 2030 exstitisse,
1334 1937 1486 2043 ingenio

143 2039 354 2150 praestanti,
380 2043 519 2148 judicio
546 2047 620 2125 acri
635 2103 649 2141 ,
664 2073 704 2125 et
729 2051 857 2143 varia,
877 2074 920 2125 ac
948 2047 1145 2126 recondita
1168 2043 1338 2127 dodlrina
1360 2047 1488 2150 praedi·

141 2174 232 2249 tos,
256 2153 513 2258 'Cajetnnum,
540 2151 773 2258 Alphonsnm
795 2156 844 2235 de
865 2151 1025 2248 Cullro,
1052 2159 1191 2249 Soros,
1217 2179 1256 2233 et
1278 2153 1370 2232 alios
1395 2151 1487 2231 mul·

142 2283 206 2341 tos
237 2262 274 2340 in
311 2285 552 2367 quacumque
584 2263 796 2343 facultate.
853 2262 1060 2344 Problema
1095 2263 1178 2341 sane
1219 2260 1376 2341 dubium
1404 2258 1483 2356 est,

144 2367 394 2466 utilitatesne,
423 2399 470 2449 an
497 2373 776 2466 incommoda,
812 2395 915 2449 tanta
945 2370 1133 2449 librorum
1166 2372 1277 2473 copia
1311 2368 1482 2450 attulerit·

145 2478 294 2584 populo
318 2481 419 2571 Dei,
447 2503 487 2557 et
512 2474 592 2558 hate
614 2480 750 2560 edendi
778 2476 1019 2583 proclivitas.

142 2617 148 2627 ·
200 2609 240 2685 4.
270 2585 539 2688 Quamobrem
573 2589 660 2693 pii,
700 2610 739 2665 et
772 2583 873 2668 dosii
906 2588 973 2665 viri
1004 2580 1248 2665 vehementer
1284 2581 1484 2690 aliquando
1552 2666 1554 2669 ,

143 2695 172 2775 ὀ
201 2718 397 2788 taverunt,
427 2721 470 2776 ut
491 2697 530 2773 in
555 2695 709 2777 edendis
732 2692 837 2774 libris
858 2693 979 2798 major
1002 2697 1129 2774 cautio
1156 2690 1421 2787 adhiberetur,
1447 2695 1486 2775 in

141 2717 317 2908 librisque
344 2805 601 2885 examinandis
635 2809 797 2885 maxima
832 2830 1041 2912 poneretur
1070 2803 1298 2910 diligentia:
1341 2798 1482 2898 libros,

143 2911 278 3017 quibus
311 2940 439 2994 mores
468 2917 661 3021 corrumpi
694 2915 879 3020 possent,
918 2913 1052 3019 quibus
1077 2911 1286 2991 deteriores
1316 2908 1484 2992 ledores

142 3023 368 3117 evaderent,
406 3022 539 3125 quibus
564 3023 737 3128 legentes
760 3023 889 3102 solum.
905 3020 1143 3125 voluptatem
1171 3042 1376 3126 caperent,
1405 3045 1485 3097 non

112 3130 274 3208 -liccret
316 3132 555 3234 imprimere,
588 3157 637 3208 ne
669 3128 781 3209 lessio
814 3129 998 3209 malorum
1024 3128 1232 3223 librorum,
1259 3152 1324 3206 aot
1355 3126 1486 3207 saltem

140 3234 778 3334 jmfflium,1euionemb0n0rum
802 3236 1026 3341 scriptorum
1046 3238 1279 3316 retardaret.
1302 3238 1350 3316 Et
1372 3243 1409 3319 in
1435 3234 1488 3338 ju·

144 3369 189 3425 re
211 3343 332 3439 civili,
373 3368 413 3422 et
435 3347 638 3437 canonico,
665 3347 703 3422 in
730 3340 985 3450 philosophia,
1013 3366 1053 3419 et
1088 3345 1128 3418 in
1147 3339 1320 3419 omnibus
1345 3343 1485 3423 artibus

144 3449 352 3533 defiderata
386 3449 440 3532 est
462 3451 710 3532 vehementer
743 3449 825 3545 haec
857 3447 1107 3543 moderatio,
1133 3470 1175 3526 ut
1201 3446 1266 3528 illo
1301 3447 1485 3531 versiculo

18 3620 20 3625 ,
143 3562 294 3643 Horatii
317 3588 379 3641 res
403 3559 486 3641 haec
509 3585 593 3641 tota
616 3561 913 3641 examinareturr

304 3686 418 3749 Omne
442 3669 532 3747 tulit
554 3671 749 3778 parisium,
777 3672 841 3776 qni
863 3663 1010 3773 miscuit
1034 3670 1128 3745 urile
1153 3666 1252 3746 dulci
1262 3701 1277 3761 3

142 3803 186 3859 ut
216 3776 380 3860 utilitate
407 3779 572 3861 dulcedo
602 3779 819 3859 misceretur
848 3779 1044 3873 ,ederent
1075 3778 1281 3878 homines,
1311 3801 1397 3886 quae
1426 3803 1487 3861 ce·

149 3891 240 3970 teris
278 3887 517 3985 utilitatem,
560 3914 600 3969 et
626 3889 861 3994 voluptatem
900 3882 1019 3967 essent
1058 3886 1240 3969 allatura.

194 4022 235 4097 5.
263 4001 360 4078 Sunt
384 3999 536 4104 quidam
558 4001 655 4095 viri,
684 4024 722 4077 et
745 3994 998 4104 superioribus
1020 3990 1190 4077 aetatibus
1212 3995 1391 4091 fuerunt,
1418 3992 1484 4077 difa

139 4105 232 4188 ficili
256 4111 430 4215 ingenio,
457 4135 497 4190 et
518 4105 725 4205 fastidioso,
752 4131 795 4185 ut
816 4110 867 4187 ita
888 4105 1036 4203 dicam,
1062 4103 1240 4207 judicio,
1269 4109 1333 4209 qui
1354 4130 1482 4188 recen·

140 4221 284 4296 tiorum
304 4221 471 4298 virorum
495 4216 641 4300 labores
665 4218 828 4326 prorsus
842 4214 1154 4310 contemserunt,
1183 4217 1373 4297 neminem
1394 4214 1481 4296 satis

141 4326 331 4407 eruditum
350 4332 475 4407 virum
499 4326 754 4425 iudicaverunt
777 4322 861 4432 poll
883 4347 1032 4405 veteres
1055 4379 1069 4419 ,
1094 4327 1159 4428 qui
1184 4329 1386 4407 maximam
1412 4351 1481 4405 au-

141 4431 355 4521 steritatem
376 4435 586 4524 dosliffirnis
608 4439 681 4521 suis
702 4435 807 4518 libris
832 4435 916 4518 sum
944 4433 1156 4536 consecuti,
1179 4434 1404 4625 Platoqerriql,
1431 4457 1480 4512 er·

1387 4565 1445 4618 0..
