4028 5710
586 371 619 438 s
715 334 812 435 Du
857 332 1216 437 CAV-riuus
1261 332 1643 435 nummum

518 503 764 593 Aristotelem
788 511 825 589 in
850 503 1109 615 philosophia,
1125 522 1335 614 eorumque
1356 510 1587 616 interpretes
1608 497 1882 609 Iamblichum,

522 616 739 713 Proclum,
765 614 1041 713 Themistium,
1079 613 1334 698 Alexandrum
1375 610 1729 725 Aphrodisiensem,
1753 617 1887 699 Aver-

520 737 656 828 ro‘e'm3
677 723 758 830 post
780 723 1100 820 Demosthenem,
1125 723 1433 822 Ciceronem,et
1447 726 1541 805 aiios
1562 721 1775 831 praestantes
1791 751 1888 811 ora·

519 862 646 937 tores,
670 832 754 941 Post
774 832 939 942 insignes
951 836 1155 940 scriptores
1176 859 1344 942 graccos,
1362 859 1403 914 et
1428 831 1563 915 latinos
1586 827 1761 915 doslores
1783 862 1886 916 nust-

522 937 1884 1051 cupatos,basilium,Nazianzenum,Chrysossomum,Ambrosium,

519 1056 833 1160 Hieronymum,
861 1049 1113 1159 Augustinum
1137 1106 1153 1147 ,
1177 1055 1447 1158 Gregorium,
1476 1076 1516 1132 et
1545 1048 1638 1131 alios
1662 1050 1879 1156 quosdam3

519 1160 606 1268 post
626 1161 779 1244 beatum
801 1167 838 1241 in
860 1163 988 1267 primis
1008 1159 1203 1241 Thomam
1215 1163 1469 1266 Aquinatem3
1499 1163 1537 1242 in
1560 1158 1644 1264 jure
1666 1160 1762 1241 civili
1790 1159 1885 1272 post

520 1269 742 1367 Bartolum,
767 1295 808 1350 et
830 1266 1018 1373 baldum,
1045 1274 1084 1351 in
1108 1267 1191 1374 jure
1215 1270 1393 1351 canonico
1447 1264 1502 1350 osl
1528 1271 1803 1368 Innocentius,
1831 1295 1877 1353 et

521 1379 705 1486 quosdam
727 1378 841 1474 alios,
867 1382 1058 1460 neminem
1082 1378 1188 1475 esse,
1215 1382 1281 1484 qui
1306 1405 1393 1460 cum
1414 1293 1527 1459 bade
1548 1377 1660 1487 polilt
1688 1377 1878 1462 scribere.

521 1515 639 1570 vanos
663 1486 834 1569 homines
860 1512 1146 1594 nuncupantes,
1173 1492 1236 1593 qni
1270 1486 1529 1595 scriptionibus
1558 1512 1709 1594 tempus
1747 1514 1882 1570 conte-

521 1623 635 1680 runt.
663 1602 925 1693 Severe,aut,
950 1596 1089 1678 teslius
1120 1621 1161 1676 ut
1183 1597 1331 1693 dicam,
1355 1595 1531 1678 fastidiose
1554 1600 1737 1679 nimium:
1758 1603 1879 1679 omni,

521 1706 595 1786 bus
613 1710 716 1789 enim
742 1700 912 1786 aetatibus
939 1708 1134 1788 nascuntur
1157 1705 1285 1788 divino
1309 1704 1493 1787 beneficio
1518 1708 1588 1786 viri
1626 1710 1808 1814 iugenio,
1835 1731 1881 1789 et

523 1816 666 1920 iudicio
688 1811 923 1922 prestantes,
952 1819 1016 1921 qui
1039 1841 1105 1895 aut
1130 1819 1347 1922 excogitare
1378 1814 1540 1920 ali-quid,
1571 1841 1635 1896 aut
1657 1815 1787 1897 saltem
1813 1843 1879 1898 exa·

523 1925 668 2032 plicare
693 1924 914 2020 dilucidius,
938 1923 1000 2005 vel
1029 1925 1136 2004 novis
1161 1922 1344 2033 exemplis
1369 1951 1419 2004 ex
1443 1922 1500 2004 bis
1521 1924 1761 2036 temporibus
1782 1926 1879 2007 suun.

523 2041 573 2140 tis
603 2039 743 2140 tnagis
763 2029 941 2114 illustrare
969 2034 1122 2138 possunt
1150 2059 1229 2128 ea,
1256 2057 1339 2139 quse
1371 2034 1452 2115 sunt
1486 2028 1726 2137 obscurior23
1755 2031 1879 2116 autsi

523 2174 605 2225 non
630 2143 815 2250 possunt,
837 2140 1037 2330 praeclaras
1058 2167 1119 2222 res
1144 2144 1301 2249 aggredi
1322 2139 1375 2225 est
1393 2141 1606 2242 laudabile,
1633 2169 1673 2226 et
1697 2141 1877 2253 sibiipsis

525 2251 715 2350 scribere,
738 2247 834 2331 affini
864 2279 907 2330 us
932 2251 1027 2347 suis,
1056 2249 1272 2333 concivibus
1299 2252 1447 2348 suis,et
1467 2253 1714 2352 amicis,sane
1739 2253 1894 2335 tolera:

524 2361 602 2443 bile
628 2359 706 2443 est.
734 2359 898 2441 liberalis
921 2365 1037 2442 etiam
1061 2359 1259 2466 voluptas,
1285 2384 1369 2466 quae
1394 2388 1444 2441 ex
1475 2363 1733 2473 scriptionibus
1758 2365 1876 2470 perci·

524 2475 654 2579 pitur,
680 2470 937 2579 permittenda
961 2469 1039 2568 esi,
1065 2471 1266 2577 pracsertim
1289 2497 1376 2552 cum
1398 2474 1475 2551 vita
1498 2469 1696 2553 hominum
1720 2468 1876 2552 smevo-

527 2580 676 2685 lttptate
702 2578 791 2658 duci
818 2605 896 2658 non
917 2579 1057 2687 pollit3
1090 2605 1128 2659 et
1152 2582 1249 2659 inter
1275 2575 1421 2676 bonos,
1449 2604 1489 2661 et
1516 2580 1637 2663 malos
1664 2586 1765 2665 viros
1792 2577 1874 2660 baec

532 2681 791 2793 precipuasit
813 2679 1049 2780 differentia,
1075 2686 1394 2791 quemadmodum
1419 2688 1559 2793 scripsit
1580 2691 1711 2785 Plato,
1740 2713 1785 2770 ut
1808 2685 1873 2770 bo

525 2799 568 2875 ni
591 2789 789 2889 honestis,
814 2792 901 2873 mali
922 2793 1094 2902 turpibus
1125 2793 1361 2878 delesientut
1392 2794 1670 2899 voluptatibus.
1789 2804 1794 2811 “

581 2909 622 2983 6.
648 2901 921 2982 Verumtamen
943 2929 982 2983 et
1007 2910 1042 2986 in
1066 2900 1264 2985 scribendis
1289 2906 1395 2986 novis
1422 2902 1624 3002 libris,sed
1650 2903 1813 2984 maxime
1837 2906 1874 2986 in

530 3011 847 3107 edendis,cautio
870 3010 1078 3096 adhibenda
1100 3012 1152 3095 esl
1174 3018 1358 3095 maxima.
1385 3014 1547 3095 Vitanda
1573 3014 1655 3094 sunt
1679 3016 1719 3095 in
1747 3016 1874 3119 primis

531 3118 616 3200 haec
636 3125 746 3217 vitia,
775 3148 823 3200 ne
848 3147 893 3200 ea
917 3144 1001 3227 quae
1025 3122 1248 3229 graviffimi,
1269 3150 1311 3203 et
1334 3118 1527 3206 dossissimi
1547 3128 1617 3203 viri
1642 3126 1804 3204 maximo
1815 3147 1872 3203 or·

529 3230 641 3323 dine,
668 3255 707 3309 et
733 3228 912 3336 praeclaro
934 3228 1015 3313 stilo
1042 3232 1315 3325 tradiderunt,
1341 3232 1493 3337 quisque
1516 3230 1609 3315 ausit
1637 3233 1698 3312 sua
1721 3229 1874 3331 secere,

529 3335 621 3417 nihil
643 3337 818 3420 addendo
842 3340 944 3447 quod
966 3340 1012 3421 ad
1034 3340 1245 3450 legentium
1263 3339 1459 3423 utilitatem
1485 3343 1605 3449 aliqua
1627 3344 1772 3422 ratione
1798 3340 1872 3448 pos

486 3522 490 3523 f
529 3443 574 3526 fit
595 3451 806 3552 pertinere.
834 3476 1016 3533 vanorum
1041 3450 1116 3533 hoc
1142 3447 1194 3532 esl
1220 3449 1419 3533 hominum
1434 3455 1608 3559 possunt
1630 3446 1698 3555 ipsi
1724 3449 1872 3552 quidem

529 3553 596 3635 fibi
618 3554 704 3663 ipfis
728 3556 922 3653 scribere,
952 3561 1014 3639 sed
1041 3562 1163 3642 edere
1184 3558 1302 3641 libros
1329 3617 1344 3656 ,
1371 3565 1436 3664 qui
1464 3566 1550 3642 novi
1578 3558 1669 3641 nihil
1692 3555 1871 3653 afferant,

528 3669 593 3771 qui
616 3664 773 3746 meliora
795 3665 982 3746 deteriora
1008 3666 1169 3764 saciant,
1184 3663 1259 3750 hoc
1283 3666 1334 3750 est
1357 3668 1521 3749 obruere
1543 3666 1813 3775 rempublicam
1834 3665 1872 3746 li·

530 3779 706 3857 tenariam
732 3771 914 3858 librorum
939 3782 1071 3882 copia,
1098 3804 1137 3860 et
1161 3782 1315 3859 inanem
1345 3778 1505 3885 gloriam
1534 3780 1633 3884 apud
1657 3779 1873 3884 imperitum

533 3887 674 3993 vttlgus
708 3889 913 3990 aucupari.
952 3890 990 3966 Si
1017 3893 1097 3992 quis
1136 3916 1198 3968 res
1221 3886 1343 3994 gcslas
1368 3884 1479 3989 hujus
1501 3891 1618 3970 aetatis
1638 3892 1677 3969 in
1697 3910 1770 3993 qua
1791 3889 1873 3967 vivi·

535 4000 646 4093 mus,
671 3991 718 4077 ad
753 4018 922 4076 veterem
954 3995 1136 4080 scribendi
1167 3995 1331 4078 sormam
1359 3995 1662 4092 accommodet,
1688 4017 1871 4103 precepta

531 4128 705 4186 veterum
759 4102 1121 4217 hilosophorum,et
1146 4108 1277 4214 scripta
1305 4105 1512 4187 sauciorum
1536 4104 1809 4212 theologorum
1828 4102 1872 4185 ad

531 4208 638 4290 usum
660 4129 860 4313 eccbfiae,
886 4218 933 4299 ad
967 4216 1218 4325 exstirpandas
1253 4215 1430 4311 hereses,
1456 4216 1502 4296 ad
1532 4241 1657 4295 mores
1678 4211 1872 4294 informans

534 4318 604 4398 dos
626 4320 798 4427 redigat,
823 4326 952 4411 sanslae
985 4334 1113 4410 matris
1150 4324 1338 4423 ecclefiae,
1365 4353 1429 4406 aut
1467 4328 1621 4408 civitatis
1648 4327 1685 4405 in
1721 4346 1795 4428 qua
1819 4349 1875 4402 na·

532 4450 594 4509 tus
621 4421 704 4526 est,
733 4453 797 4511 aut
826 4438 1050 4540 aequalium,
1076 4462 1115 4519 et
1140 4437 1348 4517 amicorum
1374 4437 1627 4543 quorumdam
1663 4435 1871 4516 commodis

1740 4567 1826 4624 con·
