4028 5710
417 286 1174 429 ‘rnsrrnon’rn
1293 296 1428 407 'xvn

153 455 280 539 Asoyfius
303 454 454 528 Lollium,
477 459 625 514 Patricius
647 455 1003 528 isenetns,‹1reilunmium
1014 459 1140 530 Antisses
1159 497 1170 534 ,
1192 466 1223 519 in
1242 464 1325 527 Libro
1344 471 1471 548 inscripto

328 535 553 618 Episcopalium
573 536 723 597 Curatum
742 536 956 610 Charadlerer,
976 536 1052 595 edito
1073 538 1183 600 Bessuni
1209 555 1293 622 1630.

582 640 602 676 ι
619 632 681 695 pag.
705 636 790 711 239...
804 619 884 694 asque
904 617 943 675 ad
973 632 1042 685 246.

176 778 295 842 Horum
317 779 498 859 (mierum
517 782 531 858 )
553 783 716 858 principem
738 781 837 841 locum
859 796 952 859 nuper
973 781 1316 863 occupabatAugustinus
1337 794 1492 873 Veserim,

133 858 269 923 Ecciefia
292 858 437 923 Romane
456 858 562 920 Praeses
582 859 779 933 cardinalis,
798 860 1010 921 Veronenfium
1032 880 1132 924 autem
1153 865 1315 950 Episcopu,
1327 910 1338 947 2
1351 882 1403 956 qui
1424 900 1489 939 m

136 945 180 1002 ita
201 943 318 1022 pridem
349 942 436 1001 bonit
457 938 595 999 omnibus
626 940 900 1002 collacrimantibus
930 940 1078 1015 excellit,
1111 946 1191 1006 nulli
1224 968 1323 1013 tamen
1356 957 1486 1018 flebilior

135 1043 226 1102 quam
247 1022 344 1081 mihi:
366 1040 455 1099 quem
477 1019 533 1079 ille
554 1019 604 1080 suo
625 1019 795 1082 testimonio
816 1043 942 1095 ornare,
963 1021 1141 1087 auuoritate
1161 1035 1264 1105 tueri,
1297 1036 1419 1097 consilio
1440 1060 1486 1099 re-
1553 1076 1558 1083 ·

134 1123 203 1185 gere
224 1101 358 1165 solebat.
391 1097 475 1158 Deus
496 1098 693 1160 immortalis!
715 1108 823 1165 mirum
845 1103 884 1163 eii
906 1104 983 1184 quod
1003 1110 1119 1182 patior.
1151 1106 1252 1171 Doleo
1273 1149 1284 1185 ,
1306 1132 1337 1174 et
1357 1138 1405 1176 me
1426 1118 1489 1200 ipse

135 1205 217 1245 novo
256 1181 364 1240 uodam
384 1180 472 1239 modo
492 1180 661 1241 consolatur
681 1184 787 1243 dolor.
808 1182 933 1244 Nollem
952 1188 1051 1243 minua
1069 1188 1201 1266 amasse,
1221 1209 1255 1251 nt
1277 1194 1406 1256 dolerem
1428 1203 1487 1258 mi-

138 1284 215 1323 uua.
235 1204 335 1321 lurae
357 1265 434 1319 tanti
455 1263 511 1321 riri
532 1263 649 1323 tumulo
669 1264 739 1323 fletu
760 1265 1122 1345 parentare,dulcemque
1141 1271 1390 1335 lamentationum
1403 1298 1487 1339 anta-

137 1346 237 1403 ritiem
270 1344 410 1401 encomiis
438 1340 559 1403 miscere
580 1343 702 1403 laudum
733 1343 848 1403 suanum
871 1366 881 1415 ς
914 1366 975 1425 qna
1006 1361 1106 1405 tamen
1138 1369 1197 1407 non
1226 1352 1377 1413 rhetorum
1403 1379 1488 1420 more

135 1421 225 1483 nobis
246 1419 312 1481 sunt
333 1421 483 1492 dicenda,
504 1420 558 1481 sed
574 1427 701 1500 carptim
720 1429 815 1483 animi
836 1432 988 1483 mentorem
1011 1426 1131 1484 levandi
1153 1430 1264 1486 caussa.
1296 1431 1403 1491 Crevit
1424 1445 1488 1495 Aa.

129 1502 259 1578 gostinus
279 1505 311 1559 in
333 1501 395 1562 sinn
416 1501 556 1563 avunculi
577 1500 718 1562 Bernatdi
739 1500 1255 1582 NaugeriiCardinalie,doiiiilrmi
1276 1508 1420 1583 stmul,et
1442 1522 1489 1575 iu-

135 1584 311 1662 tegerrinti,
332 1581 506 1641 liberalibus
526 1576 717 1661 disciplinis,
739 1585 852 1659 pietate
873 1587 903 1640 in
924 1581 1048 1653 Deum,
1069 1587 1194 1644 caritate
1213 1591 1243 1645 in
1264 1589 1401 1653 homines
1429 1598 1489 1655 inr-

135 1663 227 1722 butus
247 1661 407 1741 singulari,
430 1682 546 1723 morum
568 1684 639 1725 reto
659 1668 809 1743 gravitate
830 1680 940 1733 tanta,
962 1679 995 1721 ut
1016 1663 1054 1721 ab
1075 1664 1121 1723 his
1142 1668 1272 1729 nondum
1294 1690 1330 1730 ex
1353 1675 1485 1752 ephoebis

135 1741 382 1823 egressur,pater
403 1743 542 1814 audiret,
563 1765 687 1824 quorum
709 1743 771 1823 ipse
792 1742 872 1802 filius
894 1743 951 1803 csse
972 1762 1148 1822 peraratem
1170 1748 1282 1826 posset.
1307 1750 1390 1833 Toga
1413 1761 1487 1815 viti.

135 1823 163 1881 li
185 1822 280 1883 sumta
302 1840 455 1900 parentum
489 1823 609 1886 hortatu
637 1830 736 1903 patria
759 1826 939 1901 tyrocinium
961 1822 1104 1902 persolvit
1127 1861 1138 1897 ,
1160 1830 1191 1886 in
1220 1831 1380 1912 collegium
1402 1839 1486 1897 adle-

135 1902 200 1962 siue
222 1903 438 1963 ordinariorum
460 1904 651 1981 sapientum:
680 1905 718 1965 stc
738 1903 848 1964 Veneti
870 1925 965 1964 rerum
987 1904 1171 1983 publicarum
1201 1912 1332 1988 juniores
1367 1916 1488 1977 consul·

136 2000 216 2043 tores
252 2001 379 2043 vocant.
422 1981 541 2043 Exinde
571 1989 718 2065 egregiam
746 1989 930 2063 provinciam
962 1984 1118 2064 suscepit,
1151 1986 1401 2055 senatusconsulto
1432 1997 1489 2059 sihi

137 2064 370 2135 demandatam,
392 2063 555 2141 publicitus
576 2064 794 2145 philosophiam
840 2064 995 2126 rohtendi.
1028 2069 1098 2162 Quo
1120 2072 1152 2125 in
1173 2091 1293 2131 munere
1314 2069 1430 2136 abunde
1450 2079 1486 2138 st-

137 2144 192 2216 bi,
213 2161 302 2222 atque
321 2143 508 2204 auditoribus
530 2143 588 2205 suia
608 2145 771 2207 satisfecit.
794 2085 875 2205 illm
897 2164 926 2204 et
946 2147 1078 2206 docendo
1090 2181 1101 2218 ,
1113 2147 1360 2232 disceptandoqne
1377 2157 1486 2217 affidue

137 2228 314 2305 ingenium,
335 2230 565 2304 memoriamque
581 2227 765 2297 excolebat,
787 2243 816 2285 et
837 2228 1003 2303 juventutis
1023 2230 1140 2286 animoa
1163 2233 1204 2286 ita
1216 2234 1354 2311 exemplo
1374 2236 1413 2294 ad
1434 2238 1487 2295 de.

138 2324 189 2365 cue
209 2302 410 2364 dodirinarnm
431 2306 633 2368 inflammabat
655 2307 731 2379 suo,
761 2324 795 2364 ut
816 2304 899 2363 brevi
927 2325 962 2363 er
985 2307 1047 2382 ejus
1068 2305 1167 2364 schola
1197 2312 1276 2368 cives
1307 2320 1410 2392 magni
1432 2337 1487 2375 no-

137 2387 229 2445 minis
251 2385 437 2463 prodierint,
469 2390 520 2465 qui
542 2407 620 2447 nunc
653 2385 821 2466 reipublice
851 2384 889 2441 ad
911 2385 1029 2442 clavum
1063 2385 1185 2442 sedent.
1220 2386 1267 2442 Ειι
1290 2390 1336 2447 hie
1358 2395 1488 2470 regenda

137 2467 301 2543 juventutis
328 2467 504 2525 rudimentis
524 2468 628 2527 divina
660 2467 778 2524 bouitas
799 2483 866 2521 eum
899 2467 1035 2519 evocavit
1057 2462 1094 2520 ael
1122 2466 1288 2542 ingentium
1308 2471 1486 2549 populorum

139 2545 242 2607 salutis
284 2551 499 2607 roeurationem
520 2545 743 2620 capessendam.
776 2540 938 2620 Episcopus
958 2539 993 2599 fit
1015 2576 1026 2613 ,
1047 2540 1124 2600 nihil
1146 2544 1208 2602 tale
1239 2550 1392 2628 cogitans.
1425 2550 1489 2614 Ve-

139 2644 242 2685 ronam
262 2567 358 2682 ltalia
380 2621 508 2683 ocellum
529 2624 613 2682 adit:
636 2624 678 2682 ibi
701 2628 768 2683 vita
788 2620 843 2681 sua
864 2620 885 2680 fi
905 2625 930 2680 it
951 2620 1195 2695 tabernaculum,
1228 2634 1378 2707 perpetuis
1398 2652 1488 2696 excu-

140 2705 198 2765 biis
218 2708 298 2843 gregi
319 2703 372 2763 fibi
394 2724 410 2762 a
432 2699 501 2764 Deo
522 2704 635 2765 credito
656 2694 863 2782 invigilando.
884 2642 944 2761 l³er
958 2704 1153 2785 quadraginta
1166 2740 1176 2776 ,
1189 2722 1266 2767 eteo·
1284 2711 1415 2790 amplios
1432 2734 1488 2774 an.

137 2805 243 2845 norum

138 2867 245 2938 diens,
265 2870 399 2926 excitans
416 2865 577 2944 exemplo,
598 2863 713 2945 seriptis
744 2868 836 2925 etiam
856 2862 1125 2937 condocefeciene,
1147 2872 1230 2925 omni
1251 2889 1357 2947 genere
1378 2894 1486 2934 monn·

137 2963 303 3007 mentorum
324 2966 385 3024 quat
407 2947 444 3003 ad
462 2963 630 3081 pietatem,
651 2966 681 3005 et
702 2945 817 3005 cultum
838 2943 969 3023 [pellant
989 2950 1180 3016 animorum,
1204 2950 1234 3004 in
1268 2949 1364 3008 lucem
1385 2954 1485 3014 edito·

138 3024 227 3085 Vnde
248 3028 378 3084 nominis
399 3023 442 3082 sui
475 3045 542 3083 anta
565 3024 655 3083 latius
678 3045 818 3083 emanans
841 3059 853 3094 ,
883 3023 936 3082 fibi
958 3028 1066 3101 optimi
1087 3025 1226 3106 cujusque
1236 3026 1363 3089 studium
1384 3037 1488 3093 couci·

139 3106 254 3164 liahat.
275 3104 334 3163 Cui
356 3121 416 3179 nun
438 3123 504 3162 cum
525 3102 614 3163 laude
632 3103 729 3163 didius
748 3103 955 3179 Amastrum?
991 3102 1049 3163 Vbi
1082 3126 1142 3162 non
1171 3108 1304 3168 inaudita
1326 3116 1404 3171 tanti
1426 3116 1487 3173 viri

142 3184 260 3247 virtus?
283 3182 429 3261 Pracipua
451 3180 614 3242 Christiani
636 3184 715 3243 orbis
735 3185 850 3244 lumina
872 3182 1033 3242 Palaeotum
1050 3218 1063 3255 ,
1082 3202 1174 3263 atque
1194 3185 1389 3251 Botmmaeum
1410 3193 1488 3253 Car·

141 3264 255 3322 dinaler
267 3299 278 3335 ,
291 3265 328 3322 fla
382 3263 527 3323 utillimus
547 3285 613 3322 cunr
636 3267 740 3341 primia
761 3268 916 3341 ejrreamor
936 3267 1033 3337 cepit.
1057 3260 1253 3325 Hincerebrn
1273 3270 1395 3329 illorum
1405 3274 1486 3350 apud

138 3338 319 3420 Gregoriunt
383 3340 459 3397 lll.
481 3340 657 3398 Pontificem
674 3342 848 3397 Maximum
865 3337 1094 3474 οῐθιῇἰιηιίοιιοο
1105 3371 1118 3408 ,
1129 3341 1234 3416 quibus
1255 3346 1489 3419 probatissimum

140 3420 240 3480 senem
272 3419 437 3502 fatigabant
460 3455 471 3491 ,
502 3436 535 3478 ut
567 3418 776 3497 amplissimum
807 3414 936 3477 Ecclesia
965 3418 1002 3474 'ci
1033 3417 1157 3476 Senatus
1185 3419 1318 3480 ordinent
1338 3430 1492 3503 Augustini

138 3504 332 3579 cooptatione
351 3498 515 3560 honestaret
528 3523 535 3558 :
548 3499 600 3560 sibi
621 3518 753 3578 purpura
773 3497 837 3557 sua.
849 3495 994 3575 fulgorem
1014 3498 1114 3557 minua
1133 3497 1406 3574 arridere,cumeo
1427 3516 1489 3571 mi.

138 3585 222 3640 nime
250 3601 434 3641 communem
455 3585 507 3660 qui
528 3584 658 3639 maxima
681 3599 800 3658 quaque
820 3576 954 3635 laborum
982 3580 1098 3653 premia
1132 3582 1354 3656 promeruisset.
1387 3586 1486 3647 Num-

138 3682 228 3740 quam
250 3662 279 3722 se
299 3663 390 3722 ullius
432 3661 545 3720 recibur
566 3660 792 3720 exorabiliorem
810 3654 933 3737 prebuit
953 3656 1089 3717 διιιιιιιιιιι
1111 3659 1166 3719 ille
1186 3658 1318 3736 Parent,
1338 3686 1428 3745 quam
1447 3669 1487 3728 il·

136 3741 235 3801 lorum
259 3747 357 3802 votis.
429 3760 492 3801 orat
513 3745 619 3813 enim,
636 3758 794 3819 utrumque
813 3737 973 3798 saritorem
994 3738 1051 3798 esse
1071 3744 1236 3799 maximum
1259 3747 1403 3820 virtutis,
1424 3768 1485 3808 non

137 3822 331 3882 ambitionis.
353 3822 524 3896 Augustinus
545 3826 647 3900 itaque
666 3823 802 3881 omnium
820 3817 1033 3897 approbatione
1052 3821 1091 3878 ad
1112 3822 1229 3881 culmen
1250 3821 1363 3885 stimmo
1384 3834 1488 3907 proxi«

137 3923 221 3962 mum
243 3902 383 3975 eveblua,
415 3899 508 3961 socios
540 3901 660 3961 honoria
691 3900 794 3960 habuit
809 3956 814 3963 ,
827 3898 974 3963 Romana
993 3902 1078 3960 curia
1095 3906 1261 3979 primores,
1281 3904 1487 3983 Castaneum,

135 3983 351 4055 Siondratum,
373 3982 603 4054 Fachinettum,
624 3981 799 4052 Medicem,
821 3979 911 4040 Viros
932 3983 1186 4041 commemorabili
1210 3984 1485 4067 dignitate-pradi-

135 4084 208 4134 tos,
229 4063 445 4144 Pontificesque
465 4062 620 4123 Maximoa
641 4061 692 4122 suo
713 4082 858 4142 quemque
877 4076 1010 4140 tempore
1030 4061 1166 4120 futuros.
1198 4062 1329 4123 Andium
1351 4083 1413 4128 tam
1436 4076 1485 4132 in-

136 4146 210 4226 figni
244 4146 335 4204 titulo
366 4165 435 4204 cura
456 4164 526 4203 mox
549 4146 664 4221 excepit
693 4141 800 4203 Roma
829 4143 867 4202 de
896 4163 978 4200 more
997 4140 1174 4200 revisenda.
1213 4142 1316 4203 Lateri
1341 4147 1483 4215 haerebam

137 4248 199 4286 non
220 4245 281 4284 tam
305 4228 421 4284 itineris
447 4244 568 4295 cornea,
588 4244 677 4303 quant
696 4228 843 4303 particeps
862 4226 1079 4302 cogitationum
1101 4220 1207 4300 quihus
1234 4223 1289 4283 ille
1320 4230 1350 4285 in
1383 4231 1485 4295 diver.

139 4304 168 4364 sa
190 4307 382 4378 trahebatur,
403 4306 474 4365 dum
492 4306 562 4365 hinc
582 4303 689 4382 sponsa
711 4303 782 4376 sua,
804 4302 979 4361 Veronense
999 4299 1155 4373 Ecclefiae,
1176 4304 1367 4383 amplexu-se
1386 4316 1491 4373 avelli·

137 4408 158 4444 ae
180 4408 210 4446 tc
230 4386 311 4459 sert,
332 4386 403 4457 inde
434 4386 524 4446 officii
542 4383 704 4457 desertor,
734 4382 925 4464 ingratusque
947 4401 1015 4460 erga
1047 4379 1221 4442 Pontificem
1250 4387 1344 4447 videri
1362 4395 1481 4453 timec.

178 4471 184 4483 '
272 4461 371 4531 diuo!
390 4465 482 4557 prisci
500 4470 591 4531 morie
612 4470 732 4541 vitum,
751 4467 879 4547 privatin
899 4465 995 4544 gregia
1015 4457 1059 4525 sui
1091 4466 1169 4531 curie
1185 4483 1360 4547 occupatum
1382 4505 1394 4543 ,
1420 4476 1485 4532 cui·

962 4563 979 4604 c
1402 4568 1459 4624 que

277 2790 392 2864 panium
414 2783 575 2845 Ecclefiam
596 2785 682 2848 illam
704 2788 804 2855 rexit,
825 2782 956 2844 sermone
976 2804 1078 2844 omnes
1100 2784 1251 2859 urbanos,
1278 2788 1399 2852 rusticos
1420 2814 1488 2854 eru·
1594 2817 1596 2822 ·
