4028 5710
404 360 483 461 Iu
542 358 903 465 Eur-nott
961 363 1267 475 broulo.
1389 413 1448 493 27

166 534 331 639 ejusdem
352 530 533 616 Bernardi
550 533 757 640 Navagerii
778 534 905 611 vitam.
919 528 1225 635 conscripsmnou
1250 533 1514 617 imitatnsplns.

164 645 375 740 tarchum,
410 645 471 725 sed
495 641 658 726 sanslum
694 645 928 753 Gregorium
953 647 1083 748 potius
1107 646 1413 744 Nazianzenum,
1440 651 1510 753 qui

164 774 258 837 cum*
289 758 503 836 narratione
540 777 668 830 rerum
703 746 895 857 gestarum
922 750 971 832 ab
999 752 1078 832 illir'.
1100 774 1268 855 quotum
1300 760 1397 835 viras
1427 757 1513 837 scri-

162 863 262 975 pstt,
290 863 534 971 digtelsrones
558 859 725 963 aliquas,
750 858 1126 943 laudationesetiam
1152 861 1379 967 conjunxit..
1407 914 1409 925 ι

219 1002 286 1081 33.
313 969 576 1054 Mediolanum
611 973 841 1072 quinquies,
869 970 1003 1077 septies
1035 973 1188 1066 etiam,
1224 970 1321 1051 dum·
1352 972 1514 1055 Carolus

161 1080 377 1168 Cardinalis
399 1076 656 1160 nobilissrmam
678 1079 782 1159 illam
807 1078 1001 1162 ecclesiam
1026 1075 1327 1178 administrabat,
1358 1081 1512 1163 accessi.

159 1219 254 1273 curn
281 1191 442 1293 primum
468 1187 515 1269 ad
536 1183 726 1298 pastorem
748 1189 856 1270 illum
893 1218 985 1299 egre
1015 1191 1119 1287 ium,
1145 1213 1186 1270 et
1207 1215 1427 1272 ceterorum
1448 1217 1512 1299 pa·

159 1299 305 1382 {lorum
328 1292 513 1378 stimulum
538 1298 911 1397 aeceffisrem,aetatis
934 1217 1067 1383 nohae
1088 1302 1358 1399 excitatorem,
1371 1325 1412 1383 et
1435 1327 1511 1381 ma-

160 1403 317 1514 gistrum
340 1407 537 1515 egregium
565 1405 755 1518 pallorolit
779 1412 888 1511 artis}
914 1437 1004 1490 cum
1029 1437 1095 1490 me
1117 1415 1155 1489 in
1176 1416 1380 1507 oratorio,
1406 1435 1445 1491 et
1468 1413 1508 1490 in
1543 1492 1546 1499 ,

158 1520 355 1597 seminario
381 1514 605 1598 clericorum
628 1517 778 1596 suorum
796 1518 994 1599 dicentem
1023 1518 1237 1613 audivisset,
1260 1543 1301 1597 et
1325 1520 1507 1599 concisam

156 1625 285 1723 illam,
311 1652 359 1706 ne
383 1625 507 1706 dicam
531 1630 712 1735 inopem,
733 1622 902 1707 sormam
928 1654 1059 1708 meam·
1079 1627 1225 1708 dicendi
1247 1624 1472 1709 observasset
1496 1666 1510 1724 ,

155 1755 198 1816 et
223 1734 729 1842 laudasset,orationemque
752 1762 878 1817 meam
891 1740 1043 1817 minime
1066 1734 1414 1834 fucatam,minirne
1434 1742 1506 1819 ina*

148 1872 270 1953 roem,
300 1844 361 1925 sed
383 1848 640 1949 antiquitatem
667 1846 790 1927 nescio
815 1871 928 1954 quam
960 1847 1197 1928 redolentem
1225 1847 1373 1956 publice
1406 1848 1506 1929 dice,

154 1978 243 2052 ret,
277 1959 314 2034 in
342 1979 428 2033 mea
450 1954 630 2036 sententia
653 1955 734 2035 sum
762 1959 1030 2053 confirmatus,
1057 1982 1100 2037 ut
1116 1956 1215 2065 saepe
1243 1958 1290 2040 ad
1318 1956 1505 2065 populum

154 2062 371 2145 sermonem
393 2060 639 2145 haberen‘rn
672 2065 858 2173 synodis,
884 2094 924 2151 et
950 2066 1028 2147 aliis
1063 2071 1099 2147 in
1126 2066 1501 2175 congregationibus:

153 2197 319 2279 cumque
349 2172 401 2253 illi
427 2171 502 2256 hoc
535 2173 655 2281 ipsum
692 2176 807 2257 esrem
834 2177 1048 2282 pollicitus,
1076 2175 1263 2257 subridens
1293 2178 1406 2255 dixit:
1433 2199 1499 2251 rur

151 2287 264 2360 etiam
289 2304 354 2389 pro
389 2303 453 2358 trra
485 2283 658 2391 pastorali
686 2310 808 2378 cura,
849 2305 886 2360 er
905 2307 973 2391 pro
1005 2287 1160 2358 caricae
1176 2303 1239 2358 rue
1260 2287 1303 2362 in
1323 2277 1500 2382 ecclrssm

152 2398 248 2484 Dei,
267 2410 442 2500 precepta
460 2390 621 2497 quadam
654 2390 800 2468 dicendi
825 2416 897 2467 nen
921 2386 1162 2466 accommodas
1187 2389 1241 2464 ed
1262 2387 1366 2492 afim
1398 2389 1501 2466 eccle-

138 2497 234 2605 stc?
260 2526 324 2576 rur
344 2496 607 2601 eccserastr'cam
627 2523 699 2577 non
721 2492 915 2601 conscribis
946 2491 1191 2575 rhetoricam?
1219 2499 1362 2578 Aderat
1393 2500 1506 2579 Pater

153 2609 366 2690 Franciscus
379 2609 558 2688 Adornus
580 2611 781 2689 societatis
790 2606 1015 2713 lesu,quem
1039 2609 1505 2713 antea.tiomirtari,quem

150 2717 304 2826 plurimi
328 2713 491 2797 faciebat
516 2718 746 2822 Cardinali55
766 2723 887 2798 virum
908 2716 987 2827 ipse
1008 2720 1124 2797 etiarn
1144 2713 1327 2824 prrcllanti
1349 2718 1506 2832 judicio,
1576 2718 1584 2729 '

149 2850 191 2907 et
216 2826 429 2911 eruditione
450 2832 553 2909 varia
578 2825 854 2925 existimabam,
873 2852 914 2909 et
939 2832 1017 2909 mei
1042 2825 1352 2908 amantissimum:
1379 2831 1504 2936 coepit

149 2939 285 3044 etipse
309 2935 451 3019 hortari
476 2993 489 3032 ,
521 2963 563 3019 ur
588 2939 795 3021 Cardinalis
816 2936 1003 3019 voluntati
1033 2935 1282 3041 obsequerer:
1309 2933 1503 3017 homiuem

150 3043 198 3125 ab
234 3045 482 3127 adolescentia
505 3052 542 3125 in
564 3046 767 3128 rhetorica·
787 3045 970 3127 facultate
1000 3046 1220 3142 versatum,
1258 3040 1504 3152 philosophia

150 3155 347 3249 deditum,
376 3157 440 3259 qui
466 3149 588 3234 bonos
607 3155 722 3238 libros
749 3155 931 3261 legerat,
959 3153 1194 3262 theologiam
1222 3157 1337 3233 etiam
1362 3153 1501 3234 didicea

151 3286 209 3341 rat
232 3267 269 3343 in
289 3261 443 3368 publico
469 3263 647 3344 Patauino
670 3260 891 3370 gymnasto,
917 3288 968 3355 ac,
988 3262 1204 3367 theologica
1227 3263 1407 3363 dogmata
1425 3288 1502 3343 -trat

152 3366 338 3466 doverae,
362 3375 401 3452 in
426 3367 500 3448 illis
528 3392 567 3447 re
587 3370 846 3449 Veronensent
867 3369 1053 3476 populum
1083 3366 1255 3475 pluribus
1274 3369 1500 3451 sermonibus

148 3475 391 3576 instruxerat,
416 3392 626 3559 conbllenti
648 3501 785 3573 aetate,
810 3475 1024 3572 laboribus,
1052 3503 1090 3557 et
1111 3473 1371 3582 scriptionibus
1393 3473 1502 3559 alluo

148 3610 253 3682 tum,
282 3589 388 3694 posse
410 3588 549 3693 aliquid
571 3586 746 3694 praellare
767 3584 998 3669 affirmabat.
1026 3583 1190 3669 addebat
1214 3588 1378 3685 animum
1402 3588 1501 3695 ipse,

147 3697 358 3801 excitabat,
381 3726 419 3780 et
443 3695 545 3802 quast
569 3695 815 3805 impellebat.
842 3699 929 3804 Ego
953 3723 1047 3777 vero
1070 3692 1306 3776 recusabam:
1330 3716 1412 3802 quae
1427 3696 1503 3777 san-

148 3801 226 3887 slut
249 3812 310 3888 Au
341 3805 477 3889 ustinus
511 3812 549 3886 in
573 3831 706 3912 quarto
739 3806 836 3888 libro
857 3810 905 3887 de
926 3804 1096 3888 doslrinn
1126 3802 1319 3886 christiana
1352 3802 1500 3901 scribit,

146 3913 227 3996 saris
259 3835 339 4000 etii
368 3920 415 3999 ad
441 3915 670 3998 rhetoricam
697 3913 980 3998 ecclebasticam
1003 3913 1337 4011 constituendam,
1374 3941 1413 3996 et
1436 3912 1500 3995 do·

147 4026 327 4129 cendam;
356 4052 623 4134 argumentum
655 4027 746 4109 illud
768 4028 971 4133 speciosum
999 4018 1106 4121 elle,
1132 4025 1195 4105 sed
1220 4030 1285 4105 vix
1312 4050 1400 4103 cum
1426 4022 1500 4106 latr·

144 4134 195 4243 de
218 4136 367 4221 traslari
392 4133 522 4243 posse,
547 4135 684 4219 abillo
706 4136 908 4246 presertim
932 4141 995 4244 qui
1023 4131 1265 4243 pastoralibus
1285 4137 1497 4244 occupatio

145 4243 251 4325 nibus
290 4241 382 4328 esset
406 4244 516 4328 valde
548 4248 785 4355 impeditus,
822 4274 865 4329 et
896 4252 937 4329 in
960 4270 1039 4350 quo
1074 4246 1202 4325 omnia
1230 4266 1313 4350 quae
1346 4246 1393 4328 ad
1418 4247 1499 4327 scri·

145 4351 309 4437 bendum
334 4360 604 4464 tequiruntur,
625 4352 742 4440 essent
764 4360 887 4437 minus
909 4379 1026 4463 quam
1052 4351 1253 4439 mediocria
1268 4410 1282 4434 ,.
1307 4355 1382 4438 Sed
1411 4381 1497 4462 pro·

144 4457 241 4547 sedo
280 4466 411 4567 verba¹
428 4465 561 4550 Caroli
594 4467 804 4552 Cardinalis
828 4465 1040 4659 Borlrpmaei
1063 4522 1077 4562 ,
1104 4489 1191 4547 cum
1219 4468 1380 4652 SpirituS
1391 4464 1497 4544 illum

1002 4603 1026 4654 2
1384 4596 1444 4648 an-
