4028 5710
402 351 1243 462 IuEnnuntsLtuuts.
1368 410 1421 496 15

150 523 286 615 sudor
319 523 497 613 nominer·
523 530 656 638 quiin
695 526 924 613 monasteriis
952 528 1182 628 latitabant,
1207 533 1501 643 perquirebam.

146 663 240 723 tunc
292 638 428 718 timum
451 639 607 727 Patrem
626 639 854 722 Princiseum
869 640 1069 723 Adotnum
1108 646 1345 725 Genuensem
1369 648 1497 725 Socie-

149 751 237 832 tatis
261 663 347 854 lesu
371 753 461 831 novi
484 804 500 844 ,
524 751 649 830 virum
670 752 813 855 pietate
833 754 990 860 egregia
1012 791 1027 848 ς
1055 776 1096 832 et
1129 752 1327 833 excellenti
1363 781 1407 834 ac
1439 782 1499 836 va

147 861 203 939 ria
234 856 403 943 doditina
431 858 672 965 preditum,
713 874 827 963 quem
848 885 888 940 tu
912 864 1059 968 'optime
1082 857 1210 956 nosti,
1247 887 1364 967 quem
1388 863 1503 969 usque

153 964 203 1047 ad
225 992 442 1050 extremum
472 966 542 1046 suat
562 968 649 1045 vitae
680 967 933 1065 atniciffi'mum
956 969 1070 1050 habui
1095 1028 1105 1048 .
1134 971 1192 1050 Eo
1214 982 1391 1078 tem'por‘e
1416 972 1506 1050 Rer-

110 1128 114 1137 ·
150 1076 294 1159 nardus
325 1079 565 1182 Navagerius
585 1077 786 1160 avunculus
808 1107 917 1158 meus
939 1134 953 1175 ‚
980 1081 1027 1162 de
1049 1102 1127 1184 quo
1154 1080 1250 1188 saepe
1270 1084 1503 1160 mentionem

156 1183 258 1280 feci‚
279 1204 377 1264 'enm
400 1186 523 1263 altero
543 1184 672 1291 legato
697 1189 834 1271 Ioanne
855 1189 1041 1293 Capello,
1062 1192 1108 1269 ad
1131 1189 1504 1294 Ferdinandum,qui

150 1289 307 1375 'Carolo
333 1293 385 1374 V.
410 1291 514 1401 fratri
535 1294 778 1394 successerat,
803 1299 1076 1404 Imperatorem
1100 1298 1247 1403 legatus
1270 1297 1322 1380 est
1342 1299 1501 1378 missus.

153 1399 236 1509 ipse
257 1405 320 1506 qui
340 1408 403 1484 vix
428 1401 589 1485 alatere
622 1405 794 1486 avunculi
826 1407 1083 1499 discedebam,
1119 1406 1223 1485 illum
1258 1415 1389 1512 rogavi
1417 1462 1430 1502 ,
1458 1433 1504 1486 ut

158 1511 482 1613 quemadmodum
507 1537 597 1593 cum
629 1512 674 1593 ad
697 1514 908 1594 Hernicum
931 1517 1321 1612 Secundum,Patavii
1348 1539 1502 1620 praetor,

154 1642 284 1700 orator
311 1617 364 1702 est
389 1619 619 1729 profestos,
645 1625 845 1703 comitatus
879 1623 985 1705 illum
1010 1621 1192 1717 sueram,
1224 1622 1357 1703 liceret
1383 1628 1500 1703 etiam

149 1725 243 1807 mihi
265 1728 494 1813 nobilissima
515 1728 625 1838 hujus
651 1730 723 1810 suae
751 1731 947 1840 legationis
958 1739 1139 1815 comitem
1162 1731 1260 1812 esse.
1283 1759 1358 1813 non
1382 1732 1503 1821 solum

149 1837 326 1918 concessit
366 1841 470 1944 quod
502 1846 751 1945 petiveram,
775 1843 837 1924 sed
876 1866 1114 1951 magnopere
1149 1846 1265 1923 etiam
1291 1841 1501 1950 probavit,

149 1947 253 2049 quod
294 1971 475 2053 cuperem
501 1976 629 2032 motet
655 1947 854 2032 hominnm
882 1953 1150 2059 cognoscere,
1178 1974 1218 2031 et
1238 1951 1346 2032 usum
1368 1978 1500 2034 rerum

152 2079 241 2136 cum
268 2060 485 2162 cognitione
507 2059 702 2140 literamm
726 2061 980 2169 coniungere.

209 2187 270 2262 19.
299 2166 378 2246 Vll.
399 2167 494 2251 Kal.
517 2168 751 2279 Septembris
785 2170 981 2278 legationis
1000 2167 1071 2251 suae
1092 2171 1164 2251 iter
1191 2164 1413 2250 inchoarunt
1441 2168 1493 2247 le-

151 2277 231 2380 gati
258 2331 269 2353 .
299 2272 510 2356 Tarvifium
534 2282 704 2359 venimus
726 2284 797 2359 iter
824 2284 931 2379 unius
953 2274 1030 2358 diei
1055 2336 1065 2358 .
1094 2284 1130 2358 in
1149 2275 1288 2357 febrim
1313 2305 1388 2383 ego
1413 2279 1502 2356 inci-

147 2385 221 2464 do:
251 2381 334 2463 celo
362 2380 498 2464 febrim
522 2411 590 2493 per
610 2386 743 2481 duos,
770 2410 841 2491 per
863 2411 940 2465 tres
959 2389 1077 2464 etiam
1100 2387 1215 2464 dies.
1243 2385 1307 2462 ubi
1332 2388 1500 2490 perveni·

147 2519 235 2572 mus
257 2494 576 2600 Osopum,quod
606 2490 658 2574 est
679 2496 867 2603 oppidum
887 2495 925 2572 in
949 2493 1089 2572 ditione
1101 2495 1503 2588 Savornianorum‚rta

149 2601 185 2683 se
211 2602 381 2707 prodidit
407 2600 542 2699 febris,
568 2624 672 2682 tanta
694 2609 749 2683 vis
772 2599 897 2682 morbi
922 2599 1020 2684 faeta
1045 2597 1120 2696 eii,
1147 2625 1191 2680 ut
1218 2629 1290 2682 nec
1313 2600 1439 2682 celare
1462 2601 1504 2683 il·

147 2709 239 2793 lam'
247 2714 462 2819 potuerim,
490 2738 559 2794 nec
592 2710 745 2793 ulterius
765 2711 948 2821 progredi
969 2710 1045 2811 ulla
1065 2713 1211 2793 ratione
1236 2707 1327 2793 mihi
1352 2711 1496 2793 liceret.

146 2844 249 2928 tegre
274 2875 288 2917 ,
316 2844 357 2900 et-
377 2817 458 2907 sere
484 2846 571 2903 cum
591 2821 753 2903 lacrimis
785 2818 988 2903 avunculus
1009 2844 1119 2901 meus
1137 2821 1288 2927 reliquit
1315 2848 1380 2901 me
1403 2822 1499 2903 Oso

147 2936 216 3038 pi,
251 2952 329 3035 quo
365 2933 401 3008 in
438 2932 582 3040 oppido
605 2955 682 3013 tres
703 2939 870 3040 integros
888 2930 1037 3012 menses
1069 2933 1106 3011 in
1128 2928 1228 3013 letto
1262 2928 1427 3011 decubui
1448 2956 1502 3008 ar-

146 3038 355 3120 dentissma
385 3036 480 3117 sebri
506 3054 738 3145 correptus,
766 3066 805 3120 et
825 3046 994 3120 maximo
1016 3065 1104 3117 cnm
1131 3042 1214 3116 vitae
1235 3046 1331 3118 mea·
1355 3042 1499 3146 pericn-

146 3148 209 3228 lo.
250 3144 304 3225 Ibi
340 3147 545 3227 accedente
564 3148 816 3255 paroxysmo,
842 3151 908 3255 qui
934 3145 1028 3229 mihi
1056 3143 1295 3244 assiliebant,
1323 3147 1499 3229 dixerunt

158 3280 222 3334 me
246 3280 379 3335 canere
406 3253 557 3334 solitum
578 3255 652 3336 alta
670 3251 800 3351 uoce,
826 3281 865 3334 et
891 3255 937 3335 ad
962 3258 1091 3336 Deum
1116 3280 1339 3335 convertere
1364 3257 1503 3337 sermo-

156 3384 244 3444 nem
267 3386 423 3443 meum.
452 3386 513 3441 res
549 3367 669 3457 mira,
696 3367 805 3462 Silvi3
834 3362 1047 3466 aliquorum
1063 3359 1278 3443 'verborum
1306 3386 1389 3464 quae
1419 3390 1504 3472 pro

161 3468 619 3567 tuleram‚tecotdabar,
647 3494 735 3549 cum
770 3467 887 3551 febris
909 3465 1103 3549 cessasset.
1129 3464 1252 3573 scripsi
1276 3472 1389 3547 etiam
1422 3473 1504 3555 illas

153 3578 516 3662 meditatiunculas.
562 3578 728 3662 Utinam
762 3580 1000 3687 migrationis
1036 3588 1139 3656 meaess
1168 3601 1343 3687 tempore
1370 3576 1421 3659 fic
1447 3581 1505 3661 lo-

150 3713 271 3796 quar,
297 3716 340 3771 ut
365 3714 455 3773 tunc
475 3688 686 3794 loquebar:
714 3693 859 3771 utinam
883 3712 963 3769 tam
985 3688 1120 3794 quieto
1134 3691 1268 3769 ⁴animo
1299 3712 1430 3767 exeam
1456 3716 1505 3769 ex

151 3795 221 3881 bac
244 3796 410 3881 custodia
432 3805 627 3908 corporis,
651 3823 695 3878 ut
718 3822 810 3880 tunc
830 3795 1152 3892 exibam,annum
1179 3792 1503 3903 vigefimumosta·

151 3935 240 3991 vum
266 3934 404 4018 agent,
431 3909 596 3990 nondum
625 3908 733 3987 sactis
756 3910 942 4003 initiatos,
965 3931 1006 3987 et
1033 3909 1071 3984 in
1095 3904 1205 3986 sacrae
1233 3904 1443 4012 theologiae
1463 3905 1505 3985 li-

149 4016 224 4100 bris
250 4026 372 4099 minus
391 4042 503 4125 qnam
525 4017 770 4099 mediocriter
789 4018 981 4100 versatus.
1006 4016 1068 4096 De
1092 4040 1220 4095 morte
1241 4041 1328 4095 mea
1354 4018 1504 4097 nuntius

150 4127 281 4211 allatus
303 4127 424 4210 suerat
439 4129 620 4209 Venetias
635 4142 646 4206 ’.
663 4124 872 4223 acerba,et
893 4128 1096 4207 immatura
1118 4147 1244 4203 morte
1266 4148 1496 4232 prereptum

150 4235 350 4345 juvenem,
377 4237 516 4320 deinde
542 4262 584 4317 ut
617 4238 774 4333 audivi,
802 4265 877 4318 non
915 4237 1028 4345 pauci
1051 4230 1256 4316 dolebant.
1286 4258 1371 4314 cum
1398 4234 1501 4315 semi·

151 4354 333 4445 vivus,et
360 4349 556 4455 exsanguis
582 4344 663 4428 sere
675 4347 858 4427 Venerius
885 4344 1101 4441 rediissem,
1127 4340 1311 4426 timebant
1335 4346 1500 4434 medici,

153 4486 203 4543 ne
227 4456 330 4544 lenta
356 4456 535 4541 febricula
562 4510 576 4556 ,
601 4454 793 4541 miserabili
827 4453 977 4539 tandem
1011 4450 1100 4541 tabe
1125 4453 1369 4539 confirmeret
1396 4485 1406 4531 ι
1441 4478 1506 4528 ve-

1360 4582 1448 4639 sum
