4028 5710
597 370 668 439 xx
830 335 1592 441 TESTIMONIA.

532 526 595 567 rent
616 509 649 564 in
670 506 756 566 vitiis
778 524 914 568 natorum
937 504 1185 590 dignolerndir)
1220 505 1273 566 sub
1297 506 1397 567 clerici
1427 503 1523 565 forma
1555 505 1729 567 inexhausta
1762 509 1911 572 libidinis

557 585 727 667 rojedlaque
748 588 875 649 audacia
897 606 1095 669 portentum,
1116 590 1205 668 cujus
1238 591 1269 646 in
1301 589 1405 647 odiunt
1427 608 1487 646 non
1508 586 1568 645 alie
1589 589 1626 646 de
1647 590 1742 648 mussa
1772 593 1906 651 incurrit

534 608 641 727 srasul
666 667 828 727 mollissimi
849 670 970 731 anesius
992 674 1024 729 in
1048 668 1139 742 suos,
1162 688 1251 748 quam
1274 672 1342 748 quia
1365 688 1432 728 eum
1464 689 1524 727 non
1557 671 1599 726 ita
1619 668 1707 728 essuse
1728 670 1823 729 videti
1845 691 1906 731 ne-

534 746 701 827 quissimum
724 746 854 810 sinebat.
879 750 977 833 Igitur
997 751 1121 809 diabolo
1143 753 1175 808 in
1193 749 1347 809 consilium
1370 746 1671 827 adhibito,concepit
1692 747 1902 811 scelucomni-

535 849 585 886 um
605 831 795 889 taterrimum
829 830 992 891 trifurcifer
1024 830 1078 890 ille
1110 830 1251 908 perdendi
1283 828 1394 888 sacrum
1417 827 1492 886 illud
1524 847 1611 906 caput
1634 851 1692 887 non
1715 834 1746 888 vi
1766 851 1899 910 aperta,

556 929 623 967 uam
645 913 695 989 qui
718 912 779 989 ejus
810 917 841 971 in
874 913 1026 991 publicum
1047 912 1220 990 prodeuntis
1243 908 1335 968 latera
1357 908 1518 988 tegebant,
1540 908 1711 986 repulissent
1734 910 1813 970 haud
1833 913 1900 971 dis·

533 930 674 1061 sculter3
696 988 743 1049 sed
766 993 914 1064 occultis,
945 1010 975 1051 ct
996 990 1087 1051 facile
1108 988 1289 1069 parabilibus
1310 988 1441 1049 insidiis:
1464 1009 1517 1051 uec
1545 986 1713 1059 secretum,
1742 1008 1794 1050 aut
1827 999 1898 1053 ani-

531 1090 597 1129 mus
618 1071 737 1152 piaculo
758 1075 904 1151 patrando
925 1072 1044 1131 defuit.
1087 1069 1205 1130 Carum
1228 1066 1389 1148 episcopali
1411 1067 1485 1127 solio
1506 1067 1667 1148 subjecium
1688 1073 1802 1131 nitrato
1823 1075 1897 1151 pul·

532 1171 603 1210 vere
623 1149 793 1229 constipat,
816 1158 916 1233 ignem
938 1154 1007 1211 dein
1029 1172 1062 1210 ea
1081 1170 1144 1210 arte
1163 1151 1328 1218 admovet,
1349 1165 1382 1206 ut
1403 1170 1463 1206 non
1485 1148 1541 1208 nist
1560 1148 1709 1231 Episcopo
1730 1152 1893 1225 allidente,

532 1230 604 1290 liora
626 1231 782 1291 audiendis
804 1231 892 1294 sacria
913 1230 1104 1293 concionibus
1125 1232 1248 1302 dicata,
1269 1227 1406 1287 fomitem
1418 1233 1593 1307 corriperet,
1606 1228 1759 1311 sedemque
1779 1232 1891 1306 simul,

533 1325 565 1369 ct
588 1307 722 1369 sessorem
744 1314 886 1385 flamma,
907 1331 998 1392 atque
1019 1315 1132 1388 impetu
1154 1332 1206 1389 per
1222 1329 1307 1368 auras
1330 1307 1486 1387 disjedlum
1508 1308 1617 1369 ferret:
1649 1314 1728 1390 quod
1760 1332 1789 1371 et
1811 1320 1892 1374 acci-

529 1388 619 1449 disset
662 1394 743 1449 rocul
761 1394 852 1454 dubio
864 1431 875 1465 ,
888 1392 940 1451 nisi
962 1409 995 1450 tu
1008 1425 1019 1462 ‚
1031 1389 1115 1450 Deus
1128 1426 1138 1462 ,
1150 1390 1297 1468 parricida
1320 1389 1473 1448 confilium
1496 1391 1606 1449 indicio
1627 1389 1702 1450 sumi
1732 1392 1890 1455 confertim

529 1470 569 1529 de
590 1409 727 1530 carbedra
758 1468 1151 1552 prosilientis‚exsufflasses
1172 1472 1209 1529 ad
1233 1474 1290 1529 viri
1313 1469 1396 1527 illius
1417 1471 1631 1529 diuturniorem
1651 1471 1890 1534 incolumitatem

529 1552 562 1607 in
575 1554 620 1609 tui
632 1556 763 1613 nominis
784 1555 878 1635 gloria
904 1550 1133 1629 impendendam
1147 1590 1154 1605 .
1177 1550 1371 1610 Borromaum
1385 1586 1395 1619 ‚
1408 1568 1560 1629 tamquam
1571 1548 1721 1627 Polycleti
1742 1554 1889 1634 tegulam,

529 1631 569 1689 ad
590 1652 718 1710 unguem
741 1634 793 1693 sibi
816 1632 994 1692 imitandum
1015 1632 1078 1708 jure
1101 1629 1289 1708 proposuerat
1311 1630 1483 1703 Augustinus
1515 1629 1640 1702 noster,
1662 1630 1784 1693 subinde
1805 1656 1890 1713 repe-

529 1728 596 1768 tens
620 1746 631 1781 ‚
653 1719 802 1775 neminem
825 1714 962 1773 illi¹viro
982 1710 1107 1770 similem
1129 1708 1225 1768 saculi
1256 1707 1348 1768 nostri
1372 1709 1506 1769 homines
1539 1709 1670 1770 visuros.
1715 1716 1804 1807 Quod
1824 1718 1888 1776 e'us

527 1789 673 1868 judicium
695 1793 824 1854 Ecclesia
847 1793 988 1853 Romana
1010 1793 1152 1849 inarmati
1174 1788 1310 1868 suffragio
1328 1787 1482 1861 firmavit,
1503 1790 1572 1849 dum
1594 1813 1653 1851 non
1674 1795 1771 1853 multo
1788 1738 1887 1874 possea

528 1868 685 1931 sacrandas
709 1879 825 1935 numini
844 1877 905 1953 ejus
925 1892 1014 1944 arna,
1035 1867 1215 1948 honoresque
1237 1867 1328 1929 Divis
1351 1869 1482 1929 exhiberi
1504 1868 1607 1931 solitos
1627 1872 1777 1935 decrevit.
1800 1873 1887 1936 Felix

530 1953 644 2011 virtute
666 1971 741 2028 tua,
763 1959 809 2015 vir
831 1951 1084 2013 innocentissime:
1107 1948 1182 2008 selir
1206 1949 1373 2022 sociorum,
1395 1954 1445 2028 qui
1467 1949 1523 2010 ribi
1546 1957 1698 2013 unanimes
1720 1958 1751 2013 in
1772 1957 1888 2016 domini

529 2035 714 2095 exercituum
740 2034 842 2095 cestria
860 2053 1011 2092 meruere.
1044 2034 1121 2124 Quis
1143 2030 1217 2091 mihi
1238 2030 1373 2103 tribuat,
1395 2047 1427 2089 ut
1449 2028 1560 2091 famam
1583 2037 1639 2093 viri
1661 2051 1723 2092 tam
1750 2039 1888 2113 preclare

531 2111 638 2171 deme
658 2115 901 2194 promeritidem
922 2116 953 2169 in
975 2132 1063 2170 omne
1082 2131 1175 2170 avum
1204 2109 1358 2182 literarum
1390 2117 1590 2172 monumentis
1611 2134 1770 2193 numquam
1793 2121 1888 2177 inter-

527 2195 705 2267 moritura,
727 2196 781 2256 nist
801 2212 834 2259 tu
846 2231 858 2266 ‚
870 2191 955 2252 Deua
975 2211 1080 2264 meus,
1101 2195 1153 2271 qui
1175 2195 1348 2251 memoriam
1367 2208 1505 2253 aternam
1523 2191 1606 2273 justis
1631 2194 1804 2271 polliceris,
1828 2220 1883 2258 nec

530 2272 669 2411 prpqrissa
691 2272 799 2336 sallia?
834 2274 879 2335 Te
898 2273 1073 2343 dexteram,
1095 2271 1301 2352 calamumque
1322 2292 1419 2354 tegere
1440 2293 1494 2352 par
1525 2272 1589 2346 est,
1620 2271 1727 2353 absque
1755 2296 1810 2355 ope
1832 2295 1886 2338 tua

528 2353 593 2409 nii
628 2356 801 2419 audentem.

600 2515 725 2591 Ejusdem
746 2523 916 2594 Epigrama
936 2523 967 2577 ia
987 2513 1185 2598 Augustinum
1208 2513 1388 2588 Valerium,
1408 2519 1480 2575 inter
1500 2521 1702 2591 Epigrammata
1720 2518 1818 2591 quibus

650 2601 756 2654 Heroas
770 2598 858 2672 suas,
879 2602 1008 2654 nimirum
1029 2602 1168 2653 Patricius
1189 2595 1298 2671 aliquot
1319 2602 1431 2659 Venetos
1451 2599 1624 2673 iaigaiaras,
1641 2597 1763 2673 laudat,

720 2692 837 2735 extrema
857 2677 912 2734 soca
928 2677 1060 2753 postrata.
1083 2677 1315 2752 &Epistularum
1334 2676 1571 2752 Miscellaaaaram
1590 2676 1636 2736 lib.
1648 2684 1691 2739 ΙΙ.

813 2754 934 2834 Epistola
954 2763 980 2815 I.
1004 2755 1043 2814 aas
1063 2760 1215 2816 Hernicum
1240 2757 1424 2817 catharinam
1444 2755 1597 2812 Daoisam.

643 2888 1014 2980 Avcvs'utnvs
1046 2910 1341 2978 vnrnnrvs
1371 2907 1759 2975 cnnnrnntts.
1803 2862 1807 2868 ⁵

770 3082 933 3142 Extremus
952 3097 985 3136 tu
1006 3076 1104 3137 noller
1123 3077 1179 3132 cria
1200 3070 1309 3142 labor,
1329 3072 1442 3151 optime
1462 3071 1588 3155 prasus,

852 3156 984 3241 Agmina
1005 3176 1039 3216 tu
1059 3154 1178 3215 claudes
1198 3147 1382 3212 Hadriacum
1404 3173 1576 3231 procerum.

768 3239 841 3301 Non
883 3241 941 3300 uod
961 3235 1055 3317 prisca
1075 3236 1136 3293 tuir
1157 3229 1299 3292 antillcnt
1320 3236 1440 3292 nomina
1462 3232 1574 3305 fabiis,

881 3322 953 3380 llius
972 3336 1023 3377 aut
1048 3317 1167 3385 virtus,
1188 3332 1239 3371 aut
1260 3314 1376 3384 honor,
1397 3329 1449 3371 aut
1469 3317 1628 3375 meritum.

766 3402 823 3463 Sed
866 3406 914 3461 uia
937 3419 967 3460 te
987 3401 1072 3461 tertie
1093 3395 1233 3475 produxit
1255 3392 1344 3453 serior
1364 3410 1456 3465 atat,

882 3500 944 3540 etat
964 3479 1060 3539 natali
1080 3476 1158 3536 sabia
1180 3473 1302 3551 superba
1324 3491 1396 3530 tuo:

765 3555 826 3614 cui
848 3556 935 3612 licuit
957 3553 1098 3629 peperisse
1119 3555 1206 3612 decus
1227 3566 1367 3623 tantum,
1389 3572 1418 3612 ct
1439 3554 1509 3613 dare
1529 3556 1566 3614 tle
1586 3554 1614 3616 se

847 3633 937 3691 Orbis
959 3635 990 3688 in
1012 3631 1067 3689 lroc
1087 3628 1168 3687 senio
1190 3627 1370 3705 splendidius
1390 3631 1560 3711 specimen,

765 3712 924 3774 Neurode
945 3708 1022 3767 faeta
1044 3709 1142 3765 virum
1163 3704 1324 3788 legeremus
1344 3714 1491 3790 grandim
1515 3732 1615 3771 vetum

847 3789 919 3870 lpsrr
940 3785 1086 3867 possemus
1106 3807 1222 3847 cernere
1244 3790 1425 3852 luminibus.

765 3874 877 3945 Salve,
898 3872 983 3930 heros
1004 3869 1150 3949 condigne
1170 3869 1403 3943 tubameliore,
1423 3874 1577 3964 Quiritum

847 3950 896 4012 Ac
917 3947 1065 4010 Venetam
1086 3948 1205 4030 augnsla
1227 3952 1387 4012 nobilitate
1407 3970 1533 4028 potense

765 4033 821 4095 Sed
844 4052 930 4114 mage
950 4034 1114 4112 tergemino
1136 4032 1278 4112 eloquio,
1300 4031 1452 4109 studioque
1470 4031 1617 4097 Minerua

844 4112 1012 4195 Pervigili‚
1033 4130 1063 4171 et
1084 4110 1152 4171 latii
1172 4113 1252 4172 clare
1272 4116 1370 4173 nitore
1389 4110 1475 4182 stili3
1571 4154 1584 4183 „r

764 4194 832 4261 Nec
877 4199 968 4256 ‘etate
987 4195 1108 4265 minor,
1128 4214 1243 4254 morum
1264 4194 1413 4264 candore,
1434 4191 1574 4275 benignia

848 4216 887 4339 sd
907 4272 1036 4358 quosque
1052 4275 1193 4357 (experti
1215 4273 1390 4354 prodimus)
1410 4274 1532 4341 offitiis.
