4028 5710
630 400 685 461 to
755 357 847 458 Dr.
892 349 1687 461 Car-r‘rouuhuurnauon

553 563 632 619 non
657 526 847 617 audebam
862 552 1028 637 peteret
1056 525 1291 610 deterrebar·›
1301 528 1602 638 competitorum
1638 521 1795 631 gratia,
1820 522 1915 610 dili.

554 646 709 754 genria,
730 664 771 721 et
793 637 1032 723 affinitatibus
1052 636 1414 747 plurimisarerebar
1433 634 1571 732 valde,
1592 660 1642 717 ne
1662 637 1704 715 in
1724 660 1775 762 eo
1797 661 1915 722 exer.

557 754 681 837 cendo
713 775 874 830 munere
897 803 913 846 ‚
938 745 967 830 fi
994 746 1102 831 illum
1138 742 1326 830 honorem
1354 746 1602 854 consequerer
1624 784 1641 842 ς
1666 739 1914 831 exilbmatio.

554 865 613 944 nis
635 889 730 944 meae
747 859 928 965 jasluram
951 856 1143 943 facerem:
1161 856 1301 964 linguae
1325 858 1481 938 tarditas
1501 881 1569 937 me
1591 851 1702 937 valde
1729 852 1912 940 deterre.

556 971 645 1053 bat.
685 970 787 1053 Rem
806 971 940 1049 miram
965 969 1078 1051 audi.
1105 965 1169 1048 hic
1192 969 1269 1072 ipse
1295 990 1411 1071 quem
1439 966 1626 1048 nominaui
1654 960 1910 1068 Patriarcha,

554 1087 592 1164 in
619 1081 756 1162 somnis
782 1076 875 1158 mihi
904 1081 1076 1186 apparuit
1101 1075 1308 1157 admodum
1334 1073 1486 1158 hilaris:
1511 1070 1710 1154 videbatur
1732 1068 1912 1176 hortari,

556 1216 600 1272 ut
627 1214 824 1297 peterem,
841 1191 1064 1295 petitionem
1088 1183 1182 1265 mihi
1208 1183 1304 1267 bene
1317 1180 1572 1267 successuram
1596 1181 1789 1291 polliceri.
1816 1187 1910 1293 Ego

556 1300 754 1381 Somnium
781 1298 962 1405 Scipionis
990 1293 1276 1403 expergesasius
1303 1292 1378 1404 legi
1393 1318 1462 1393 ,et
1488 1294 1534 1375 ad
1562 1296 1813 1375 imitationem
1838 1297 1908 1378 Ci

557 1410 702 1491 ceronis
730 1409 926 1487 Somnium
953 1402 1111 1513 scripsi,
1142 1403 1246 1509 quod
1274 1408 1311 1483 in
1339 1408 1473 1486 manus
1499 1401 1747 1511 plurimorum
1767 1407 1906 1509 renitt

556 1541 679 1622 eaque
698 1513 880 1596 scribendi
901 1512 1026 1595 forma
1052 1515 1320 1623 quamplurimi
1348 1516 1430 1597 sunt
1457 1511 1659 1594 deleslati.
1685 1511 1901 1598 Redieram

557 1649 698 1733 paucos
725 1650 812 1706 ante
834 1624 976 1705 menses
1003 1624 1153 1719 Roma,
1182 1623 1246 1705 ubi
1271 1623 1416 1706 fueram
1445 1649 1532 1702 cum
1561 1621 1734 1728 legatis,
1761 1625 1825 1727 qui
1853 1623 1905 1705 ad

557 1733 808 1816 obedientiam
834 1730 1078 1840 preliandum
1101 1732 1237 1813 Paullo
1265 1733 1420 1831 Quarto
1431 1737 1591 1815 Summo
1613 1732 1823 1813 Pontificia
1844 1759 1906 1812 re·

557 1840 706 1952 publica
728 1837 873 1922 fuerant
896 1840 1011 1939 miffi,
1038 1844 1078 1921 in
1105 1865 1267 1948 quotum
1293 1870 1453 1924 numero
1482 1865 1566 1921 erar
1589 1841 1806 1922 Bernardus
1827 1845 1905 1924 Na·

557 1954 732 2058 vageritrs
758 1948 963 2031 avunculus
988 1955 1199 2057 meus,qui
1223 1953 1270 2033 ad
1294 1953 1475 2033 eumdem
1498 1947 1674 2031 Paullum
1703 1952 1904 2055 Quartum

462 2096 465 2105 ¹
557 2060 775 2169 elegantem
800 2061 1015 2141 orationem
1042 2057 1209 2160 habuit,
1235 2059 1383 2144 funslus
1411 2058 1465 2143 ell
1501 2058 1641 2165 deinde
1665 2061 1766 2167 apud
1794 2087 1903 2140 eum·

560 2169 650 2251 dem
673 2167 900 2251 Pontificem
915 2169 1033 2276 legati
1053 2196 1238 2253 muneret
1255 2170 1353 2252 illius
1365 2168 1562 2276 legationis
1574 2174 1904 2270 commentarium,

559 2302 674 2384 quem
700 2282 937 2361 itinerarium
963 2275 1155 2388 inscripsi,
1182 2307 1268 2360 cum
1289 2283 1327 2359 in
1352 2283 1511 2385 patriam
1533 2278 1750 2375 rediissem,
1773 2279 1903 2386 legen-

560 2388 650 2469 dum
678 2389 814 2470 tradidi
838 2387 1149 2498 quamplurimis.
1175 2388 1336 2497 probata
1358 2384 1409 2470 esl
1428 2387 1539 2468 valde
1560 2387 1761 2491 aequalibus
1782 2392 1902 2487 meir,

557 2497 788 2579 senatoribus
820 2502 934 2579 etiam
962 2499 1333 2607 magnir,dilige'ntia
1360 2495 1423 2577 illa
1449 2523 1557 2576 mea.
1582 2495 1678 2579 lllud
1700 2499 1816 2606 ipsum
1840 2499 1902 2577 lti-

560 2608 774 2697 nerarium,
787 2629 827 2685 et
846 2610 1070 2703 Somnium,
1084 2608 1134 2688 de
1159 2633 1237 2713 quo
1259 2610 1489 2688 mentionem
1511 2603 1604 2703 feci,
1617 2607 1901 2715 petebant..pro

558 2737 644 2792 me:
670 2706 881 2812 hujusmodi
902 2712 1053 2795 fuerunt
1079 2713 1247 2795 fautores
1263 2719 1461 2823 petitionis
1489 2742 1605 2796 meae.

619 2847 679 2901 12.
709 2820 813 2902 Cum
839 2821 984 2902 senatus
1010 2820 1232 2904 liberalitate
1259 2848 1408 2903 creatus
1436 2824 1553 2907 essem
1580 2826 1733 2903 minoris
1759 2826 1901 2911 ordinis

556 2927 826 3036 praeconsultor
860 2928 877 3027 l
897 2925 1095 3044 fipienrer
1125 2931 1295 3012 ordinum
1326 2931 1539 3037 hujusmodi
1567 2933 1719 3038 juvenes
1755 2938 1822 3036 qui
1839 2940 1901 3016 ··in

560 3037 765 3146 collegium
801 3040 1084 3148 admittuntur,
1111 3039 1349 3148 appellantur
1371 3045 1389 3144 )
1412 3043 1565 3153 publico
1589 3039 1663 3122 hoc
1683 3037 1899 3125 testimonio

562 3146 829 3230 incredibiliter
853 3150 900 3229 ad
913 3177 1069 3230 omnem
1095 3151 1248 3233 laudem
1276 3152 1357 3231 sum
1381 3151 1778 3262 incensus.0puscula
1801 3175 1899 3258 qttae-

565 3256 690 3352 dam,
716 3280 800 3364 quae
836 3260 882 3341 ad
911 3260 1163 3342 adolescentes
1190 3284 1285 3366 quos
1312 3262 1451 3342 Patavii
1480 3288 1657 3342 noveram
1681 3257 1897 3369 preliantes

560 3369 742 3476 ingenio,
762 3394 801 3449 ct
827 3369 1017 3451 literarum
1046 3368 1170 3455 lludiis
1191 3370 1362 3468 deditos,
1389 3371 1628 3481 scripseram,
1649 3368 1898 3481 vulgari‘coe-

560 3501 627 3583 pta
648 3477 751 3577 sunt,
779 3484 917 3587 opinor
944 3504 987 3561 ut
1013 3482 1161 3563 senatus
1188 3479 1369 3587 judicium
1396 3480 1595 3563 laudarent
1621 3476 1797 3561 homines
1815 3502 1898 3577 ,ur

451 3622 465 3631 -
558 3611 683 3666 meam
706 3588 821 3666 etiam
847 3585 983 3688 aliqui,
1007 3617 1053 3668 ut
1079 3592 1163 3672 fieri
1191 3591 1319 3686 solet,
1350 3594 1484 3671 inirent
1510 3592 1695 3696 gratiam,
1724 3612 1762 3670 er
1788 3586 1897 3668 bene-

558 3695 765 3777 volentiam
779 3691 872 3774 mihi
893 3692 1152 3801 patefacerent
1176 3698 1301 3776 suam.
1333 3698 1559 3802 Scripseram
1584 3700 1631 3779 ad
1654 3695 1898 3780 Leonatdum

557 3805 781 3898 Donatum,
803 3826 917 3904 quem
940 3800 1054 3899 nolli,
1082 3809 1178 3884 inter
1202 3809 1412 3910 praecipuos
1434 3834 1554 3901 nunc,
1580 3833 1619 3888 et
1641 3805 1803 3915 infignes
1822 3804 1898 3885 Ve-

559 3941 658 3995 netae
677 3907 895 4018 reipublicae
921 3910 1143 4010 senatores,
1169 3912 1334 4009 librum,
1362 3939 1434 4022 qua
1461 3921 1604 3998 rarione
1632 3920 1668 3999 in
1698 3909 1898 3998 Aristotele

557 4024 654 4105 esset
681 4021 929 4102 versandum:
955 4049 1033 4101 non
1064 4023 1250 4104 eruditum
1278 4024 1486 4106 admodum
1513 4022 1678 4123 librum,
1705 4024 1769 4105 sed
1796 4027 1898 4131 inge·

559 4135 661 4212 nium
689 4128 939 4238 philosophiae
965 4130 1137 4211 deditum
1160 4129 1440 4231 ostendentem,
1463 4136 1673 4215 enitentem
1701 4137 1740 4215 in
1766 4134 1898 4245 primis

558 4234 657 4332 hoc,
684 4265 727 4319 ut
749 4237 984 4350 philosophia
1010 4266 1100 4320 cum
1127 4242 1275 4323 dicendi
1298 4239 1479 4325 facultate
1507 4238 1824 4352 conjungeretur.
1846 4243 1900 4323 vi·

554 4345 612 4425 sus
639 4346 717 4424 sum
744 4356 783 4429 in
814 4379 862 4430 eo
889 4349 992 4431 libro
1029 4347 1276 4432 uehementer
1317 4375 1444 4432 amare
1469 4378 1616 4460 grecos
1642 4358 1900 4458 interpretes,

553 4478 594 4536 et
620 4450 836 4558 elegantem
863 4463 900 4536 in
928 4456 1194 4570 philosophicis
1231 4458 1493 4566 quaestiouibus
1532 4458 1731 4543 uastandis
1756 4458 1929 4567 perspi,-

1766 4594 1842 4649 cur-
