4028 5710
362 350 864 473 IN'EDEmnta
922 366 1264 477 Lienis«.
1346 414 1402 493 '9

122 534 434 638 delebatet,“eic
453 536 884 625 corredionibuseriam
921 541 1143 625 aemulorum
1166 544 1370 625 maximum
1395 546 1471 628 frti}

120 647 233 733 tium
260 650 534 759 perciperem,
564 676 632 731 eoi
660 655 725 755 qui
752 656 845 733 meis
873 652 1015 751 scriptis
1035 651 1274 733 detraxerant
1302 652 1469 761 aliquid,

121 761 404 866 zqitanimitate
427 759 629 842 'interdum
651 757 744 838 milii
773 764 915 841 amicos
931 757 1127 867 facerem,
1151 756 1230 842 hoc
1257 785 1335 840 non
1359 766 1468 846 mini-

119 893 235 947 mum
257 865 332 950 suit
350 869 433 952 Dei·
451 868 623 964 donum,
644 864 750 973 Siluii
766 869 814 950 de
834 893 911 975 quo
933 869 1029 975 saepe
1056 868 1337 952 clementissmo
1356 877 1469 976 patri,

124 976 374 1071 etdoniino,
402 975 591 1055 bonorum
613 979 781 1057 omnium
802 977 998 1084 largitori,
1020 982 1159 1083 gratias
1187 980 1277 1085 egi.
1315 1042 1318 1047 .
1387 1042 1390 1047 .

125 1148 132 1161 .
185 1114 248 1165 io.
274 1082 446 1165 Vivebat
466 1109 515 1163 eo
536 1106 714 1193 tempure
740 1087 875 1167 Petrus
894 1089 1105 1177 Francisctit
1128 1087 1383 1184 Coiirareniit,
1410 1093 1469 1171 vir

125 1191 324 1275 callitsiniis
358 1187 527 1273 moribus
551 1247 566 1291 ,
592 1219 634 1275 et
666 1193 896 1304 multiplici,
925 1220 1039 1302 atque
1059 1196 1280 1279 admiranda
1308 1199 1471 1301 quadam

129 1301 343 1383 eruditione
366 1299 565 1408 praedims.
587 1301 947 1410 interrogationibus
961 1310 1176 1401 ,Socratico
1199 1304 1366 1411 quodam
1390 1336 1470 1392 mo

132 1431 176 1486 re
204 1461 218 1503 ‚
242 1407 439 1490 videbatur
464 1410 523 1490 vir
560 1410 622 1492 ille
649 1410 789 1492 docere
825 1441 893 1494 eos
918 1412 1053 1519 quibus
1086 1440 1176 1495 cnm
1209 1412 1435 1519 loquebatur
1457 1452 1468 1501 a

131 1515 355 1598 admittebat
379 1544 512 1600 omnes
534 1518 581 1599 ad
604 1517 863 1631 colloquium,
888 1545 928 1601 et
952 1522 1080 1617 domi,
1098 1549 1137 1601 et
1163 1522 1262 1625 apud
1286 1520 1470 1629 bibliopo-

126 1624 179 1706 las
207 1632 318 1707 certia
339 1625 557 1734 quibusdam
581 1625 709 1708 horis.
739 1627 964 1708 Admirabar
985 1655 1061 1733 ego
1083 1629 1300 1712 adolescent
1324 1654 1469 1714 tantam

126 1731 332 1817 doslrinam
355 1764 441 1818 etim
467 1735 674 1817 admirabili
695 1735 875 1849 modestia
898 1735 1159 1843 conjunslam3
1186 1765 1337 1821 motum
1358 1741 1493 1829 suaui-⁴

125 1868 272 1942 tatem,
297 1871 336 1927 et
363 1844 683 1954 philosophicam,
709 1873 753 1928 ac
773 1846 930 1929 Veneto
950 1849 1034 1927 vito
1058 1847 1212 1956 dignam
1240 1854 1465 1955 gravitatem

125 1953 387 2063 suspiciebam.
417 1954 630 2037 admirabar
649 1958 735 2036 vitae
758 1955 1035 2054 innocentiam,
1055 1962 1251 2066 egregiam
1274 1963 1311 2041 in
1334 1962 1467 2042 Deum

127 2066 329 2171 pietatem,
356 2068 617 2174 optimamque
647 2059 761 2170 ipsius
784 2065 1051 2163 volontatem,
1076 2070 1153 2148 non
1179 2066 1353 2175 vulgaris·
1370 2096 1463 2176 eiga

124 2200 188 2255 me
210 2171 480 2255 benevolentiae
500 2173 571 2255 suat
591 2172 728 2256 indicia
751 2174 931 2280 dantem·
953 2174 1155 2256 clarissimis
1179 2180 1280 2258 enim
1304 2174 1468 2257 testimo

125 2285 193 2361 niis
220 2283 287 2363 suis
312 2282 469 2364 ornabat
485 2309 555 2366 ine
580 2281 695 2390 sape,
724 2308 765 2362 ct
793 2282 1104 2365 existimationem
1122 2284 1464 2388 angebatmeam.

124 2390 202 2472 Hic
252 2390 528 2471 diim'censotis
552 2414 711 2471 munere
734 2387 984 2497 fimgeretut,
1010 2387 1116 2469 urbis
1141 2391 1299 2472 Venetae
1326 2397 1470 2496 patriae

124 2525 220 2580 mear
246 2494 464 2580 Patriarclia
494 2526 515 2576 a
540 2497 665 2577 senatu
689 2552 706 2595 ,
732 2496 780 2577 ad
810 2518 925 2601 quem
947 2498 1005 2600 jus
1030 2495 1252 2579 nominandi
1277 2502 1470 2604 pertinet,

123 2605 259 2689 Paullo
282 2610 436 2707 Quarto
460 2604 672 2701 Pontifice,
686 2608 902 2685 nominatus
926 2603 999 2710 ell5
1013 2609 1078 2712 qui
1101 2630 1189 2686 etim
1216 2605 1469 2713 gravissimum

125 2712 216 2795 illud
241 2740 418 2813 onus,ut
437 2717 569 2824 patriae
593 2713 886 2820 obsequeretur,
907 2742 986 2797 non
1004 2714 1201 2796 recusasset
1215 2771 1229 2812 ,
1243 2717 1469 2825 aegtitudine

71 2838 86 2852 '
125 2829 298 2935 corpouii
320 2820 739 2932 impeditua,llomachi
759 2826 801 2905 in
825 2828 953 2930 primis
974 2823 1257 2920 imbecillitate,
1271 2850 1317 2907 ea
1343 2823 1464 2935 pasto-

124 2934 400 3018 raliimunerir
410 2936 636 3016 documenta
648 2937 740 3017 dare
759 2960 836 3014 non
859 2936 1110 3043 pornir,quae
1135 2935 1271 3015 eximia
1296 2932 1377 3037 ejus
1401 2935 1468 3017 do-

126 3039 269 3139 arium,
293 3071 337 3124 ct
361 3049 446 3123 iiiiae
470 3041 707 3124 sanstiinonia
731 3042 1029 3149 pollicebantur.
1055 3044 1147 3148 Ejus
1175 3046 1215 3124 in
1245 3040 1385 3122 morbo
1412 3069 1468 3124 to

124 3150 284 3233 letando
322 3149 563 3232 militariam
591 3151 793 3232 admiratus
820 3149 898 3231 sum
933 3149 1009 3259 ipse
1032 3148 1161 3256 sape,
1191 3176 1278 3231 com
1304 3177 1399 3233 veto
1427 3155 1468 3231 iii

127 3256 379 3363 patriarchatu
408 3260 505 3339 duos
529 3286 648 3339 anuos
675 3262 738 3339 vix
773 3256 1015 3351 absolvisset,
1052 3257 1147 3338 obiit
1182 3263 1387 3364 optimus,
1427 3285 1469 3342 et

127 3363 352 3447 iloffiffimus
388 3371 470 3448 vit.
495 3365 576 3469 lpse
596 3366 644 3445 ad
666 3368 915 3444 imitationem
934 3363 1031 3444 illius
1052 3363 1168 3442 libelli
1194 3365 1462 3470 Xenophontis

126 3474 411 3580 quiduscripmt
433 3469 485 3554 est
511 3468 726 3577 darsiani,
753 3469 925 3552 libellum
946 3467 1176 3578 conscripsi,
1198 3468 1304 3575 cirins
1324 3472 1397 3554 fuit
1425 3479 1469 3557 ti-

127 3581 378 3664 ruloajPetrut
409 3575 628 3689 franciscas
656 3593 879 3661 contarenus
900 3574 1136 3660 Ptttt'trtsu.
1162 3607 1312 3679 mores,
1339 3606 1379 3662 er
1406 3586 1471 3665 do.

124 3690 281 3775 &niani
304 3691 497 3789 hominis,
525 3717 641 3799 quem
662 3689 823 3771 mirifice
844 3689 1049 3772 dilexeram
1074 3746 1091 3788 ,
1115 3715 1158 3771 et
1184 3716 1323 3799 magna
1349 3689 1471 3773 obser-

125 3806 249 3882 vantia
275 3802 488 3884 adolescent
510 3827 614 3882 cram
642 3798 896 3909 prosecutus,
923 3798 1094 3906 descripsi
1119 3800 1301 3899 Venetis,
1329 3825 1373 3883 ur
1400 3798 1473 3881 hac

126 3912 240 3992 etiam
265 3934 373 3994 aetate
400 3906 604 3993 domestico
632 3910 814 4018 exemplo
835 3968 850 4006 ,
875 3907 956 4016 ejus
982 3913 1020 3990 in
1047 3913 1179 4018 primis
1202 3910 1392 4019 gentiles,
1420 3911 1469 3992 ad

124 4025 244 4101 varias
266 4026 430 4102 virtutes
455 4019 654 4101 imitandas
680 4023 954 4101 excitarentur.

183 4154 248 4212 rt.
275 4132 328 4213 Et
360 4133 537 4236 qnoniam
558 4183 573 4225 ,
598 4150 676 4235 quo
703 4150 878 4234 tempore
906 4126 981 4232 ipse
1008 4157 1058 4211 eit
1083 4127 1156 4209 hac
1182 4129 1261 4210 vita
1289 4124 1462 4227 decessit,

124 4265 211 4321 etat
234 4265 351 4322 atinus
379 4240 570 4344 pelitionit
595 4263 727 4341 meaa
755 4236 987 4320 absolveram
1012 4243 1114 4319 enini
1142 4235 1469 4346 vigesimamquin·

126 4371 206 4431 tum
231 4374 370 4435 aunum
392 4404 408 4445 ,
434 4369 513 4453 quo
535 4344 710 4455 telttpote
736 4344 827 4430 milii
852 4343 993 4426 licebat
1014 4371 1185 4453 petere,
1212 4373 1256 4426 ut
1281 4350 1319 4430 in
1347 4351 1468 4429 mino-

127 4483 210 4542 rum
238 4457 573 4573 praconsultorum
595 4483 793 4544 numerum
821 4482 842 4537 a
869 4459 1011 4647 SeBnatu
1036 4453 1226 4565 deligeret
1250 4489 1263 4564 3
1289 4453 1469 4575 profesio

1345 4588 1422 4647 non
