4028 5710
613 382 666 486 38
750 359 844 459 Dc
888 357 1236 458 Cnvrrouc
1273 349 1656 453 Auernum-na

535 538 600 641 qui
624 532 878 614 eruditionem
902 530 1043 609 variam
1079 551 1166 607 cum
1193 521 1399 605 admirabili
1427 521 1638 623 modestia,
1666 518 1886 633 immo'po.

533 649 608 725 tius
631 638 818 724 christiana
843 637 1076 733 humilitate,
1100 634 1317 738 conjungit.
1342 630 1445 715 Cum
1470 635 1678 717 Mediolani
1705 632 1889 740 fuissem,

533 777 702 836 amanter
722 749 929 830 admodum
953 748 1175 830 federicum
1202 742 1293 823 mihi
1322 745 1653 826 commendaverat
1690 746 1880 831 Carolus:

531 888 575 943 ut
598 860 749 967 aliquod
772 863 869 965 grati
899 861 1011 937 animi
1035 846 1284 937 testimonium
1320 878 1411 955 erga
1435 853 1484 933 de
1513 882 1578 934 me
1598 859 1745 961 optime
1773 862 1884 937 meri-

530 998 612 1051 tum
640 975 761 1050 virum
781 967 1062 1073 relinquerem,
1089 962 1259 1045 libellum
1284 958 1406 1069 scripsi
1432 965 1626 1046 Cardinali
1655 961 1881 1071 vigesimum

532 1085 687 1160 tertium
709 1104 846 1159 annum
869 1081 994 1184 agenti
1014 1076 1064 1155 de
1087 1069 1394 1180 occupationibus
1419 1072 1577 1154 diacono
1612 1073 1884 1156 Cardinaledi-

529 1194 636 1295 gnis.
662 1187 971 1294 supervacaneum
997 1183 1176 1290 quispiam
1201 1181 1338 1263 dixerit
1359 1203 1495 1287 opus,
1524 1207 1563 1264 et
1589 1186 1676 1287 quia
1704 1179 1795 1264 nihil
1822 1211 1882 1264 re

531 1295 723 1377 conditum
746 1294 892 1375 libellus
918 1292 993 1400 ipse
1020 1298 1189 1373 continet
1208 1346 1226 1393 ξ,
1252 1313 1292 1369 et
1323 1295 1408 1398 quia
1435 1291 1536 1373 senili
1563 1293 1760 1400 prudentia
1789 1318 1882 1402 prce·

529 1409 630 1488 ditus
650 1403 792 1509 juvenis
815 1403 878 1484 illa
902 1404 1103 1509 scriptione
1126 1428 1202 1482 non
1226 1423 1404 1503 egueram
1430 1405 1609 1505 quoniam
1636 1426 1762 1482 nmen
1789 1427 1881 1485 tunc

528 1514 636 1596 illum
657 1539 700 1595 tu
724 1510 884 1622 probasti
912 1510 1075 1606 librum,
1097 1535 1138 1590 et
1160 1509 1229 1590 illo
1256 1509 1456 1590 Federicus
1483 1509 1693 1592 Cardinalis
1721 1509 1880 1595 desesia-

528 1648 592 1706 tur
616 1623 751 1720 vaide,
778 1623 927 1729 placet,
955 1622 1035 1702 dies
1057 1620 1142 1702 illos
1169 1642 1265 1724 quos
1289 1621 1327 1699 in
1354 1616 1423 1699 illo
1451 1617 1719 1702 conscribendo
1745 1622 1878 1727 posui,

523 1761 592 1813 me
618 1732 678 1815 illa
702 1734 960 1841 inscriptione
985 1728 1241 1811 consumsisse.
1290 1770 1293 1773 ·

583 1838 654 1947 48.
683 1840 817 1937 Quem
851 1840 991 1921 librum
1017 1838 1082 1918 ubi
1115 1838 1293 1919 Ascanius
1315 1834 1523 1918 Cardinalis
1544 1837 1737 1922 Columna
1768 1838 1875 1947 legis

531 1950 612 2048 set,
641 1949 820 2032 laudasset
854 1952 994 2045 etiarn,
1020 1975 1064 2028 ea
1089 1973 1163 2054 qua
1186 1943 1283 2027 solet
1318 1945 1497 2029 sermonis
1526 1949 1741 2047 suavitate,
1771 1974 1878 2053 opta·

527 2086 573 2141 re
593 2063 629 2141 se
649 2058 771 2155 dixit,
796 2084 838 2139 ut
861 2058 1023 2138 aiterum
1046 2059 1094 2138 ad
1120 2059 1157 2138 se
1180 2054 1348 2139 libellum
1369 2056 1662 2141 conscriberem.
1690 2063 1743 2139 ita
1766 2059 1810 2140 sit
1834 2083 1879 2141 ut

526 2166 618 2274 joco
650 2171 839 2249 interdum
860 2165 1085 2248 inchoentur
1117 2194 1178 2247 res
1201 2167 1335 2248 seriae.
1373 2166 1511 2273 longua
1535 2195 1557 2247 a
1583 2170 1692 2252 nobis
1724 2165 1876 2250 habitur

527 2275 581 2359 est
599 2280 747 2372 sermo,
773 2279 877 2382 quod
897 2270 901 2279 ’
923 2276 1149 2384 potissimum
1175 2277 1345 2374 miserit,
1385 2305 1424 2358 er
1448 2276 1623 2360 ludiuosu
1660 2279 1756 2361 hisce
1781 2275 1875 2359 chri-

526 2385 648 2470 stianae
678 2386 895 2494 reipublicae
916 2386 1151 2490 temporibus
1177 2412 1443 2493 argumentum
1470 2384 1617 2469 trasiari
1643 2389 1791 2492 postet.
1822 2389 1875 2468 di·

525 2500 649 2576 ximus
669 2496 760 2576 illud
784 2497 864 2578 esse
888 2494 998 2578 valde
1026 2497 1373 2590 accommodatum,
1409 2521 1451 2575 ut
1476 2497 1525 2577 de
1546 2498 1793 2580 consolatione
1814 2521 1875 2578 ec*

527 2603 647 2684 clesrae
668 2603 911 2685 scriberetur.
941 2607 1105 2686 dixeram
1135 2634 1211 2686 non
1238 2607 1379 2686 audere
1400 2633 1465 2685 me
1492 2632 1763 2713 argumentum
1792 2630 1874 2688 tam

528 2711 802 2820 multiplex‚et
828 2736 907 2792 tam
936 2714 1156 2819 praclarum
1180 2712 1363 2797 trailaret
1391 2715 1481 2796 milri
1503 2717 1615 2798 visiun
1642 2718 1720 2798 esse
1738 2713 1875 2800 factam

526 2820 744 2926 languidam
767 2844 892 2902 meam
924 2823 1164 2927 scriptionem
1190 2856 1201 2925 3
1242 2818 1467 2931 scripturum
1489 2851 1615 2906 tamen
1644 2850 1876 2909 commenta:

525 2934 651 3026 rium,
680 2954 720 3011 ut
747 2929 921 3038 abipso,
950 2934 1013 3036 qui
1039 2932 1213 3028 dicendi,
1239 2958 1280 3013 et
1305 2933 1486 3016 scribendi
1513 2934 1688 3015 facultate
1709 2937 1876 3036 excellit,

527 3039 730 3144 aliquando
752 3038 1155 3146 expoliatur.Aeslivis
1168 3043 1403 3149 temporibus
1425 3047 1485 3125 sex
1507 3073 1528 3123 a
1553 3070 1613 3124 me
1637 3041 1720 3124 libri
1745 3046 1873 3152 scripti

523 3150 606 3227 sum
632 3149 679 3229 ad
704 3148 884 3229 eumdem
911 3172 1026 3254 quem
1061 3153 1274 3248 nominavi,
1301 3156 1496 3236 Ascanium
1531 3152 1771 3235 Cardinalem
1795 3158 1875 3239 Co·

525 3255 715 3361 lumnam,
744 3280 838 3363 quos
863 3281 904 3337 tu
932 3254 1078 3366 legislr',
1102 3285 1165 3358 et,
1190 3287 1281 3342 vete
1302 3290 1347 3344 ut
1371 3266 1519 3360 dicam,
1544 3266 1706 3344 nimium
1728 3264 1873 3371 probas·

522 3366 560 3446 se
582 3366 675 3447 mihi
695 3367 788 3451 visus
807 3392 870 3448 ec.
900 3366 1063 3452 luiiuosa
1085 3374 1168 3452 sunt
1193 3369 1274 3452 hac
1311 3370 1523 3455 christianae·
1537 3371 1755 3481 reipublicae
1781 3399 1872 3457 tem-

525 3498 642 3583 pora:
657 3482 694 3558 in
714 3473 869 3559 ecclesia
892 3479 991 3574 Dei,
1005 3480 1042 3558 in
1066 3483 1194 3588 regnis
1221 3482 1453 3590 amplissimis
1473 3482 1673 3564 horribiles
1694 3511 1871 3592 aguntur,

523 3607 563 3663 et
584 3587 781 3668 audiuntur
805 3587 1026 3691 tragoediae3
1052 3585 1178 3670 sirete
1202 3594 1353 3672 videtur
1375 3596 1551 3702 perennia
1572 3598 1780 3675 animarum
1804 3623 1868 3675 no·

523 3689 678 3776 sl'rarum
702 3692 814 3775 hostis
835 3697 1006 3800 Satanae,
1032 3700 1092 3776 vix
1117 3698 1190 3778 ulla
1210 3706 1367 3807 reperiri
1391 3702 1595 3783 consolatio
1620 3703 1768 3784 videtur
1788 3703 1869 3811 pos-

522 3801 558 3881 se
579 3808 616 3883 in
639 3828 700 3885 tot
725 3806 920 3898 arumnis,
949 3830 1009 3885 tot
1036 3801 1292 3891 asiliiiionibus
1319 3812 1451 3922 populi
1471 3813 1570 3894 Dei.
1586 3812 1866 3892 mahumetana

521 3907 804 4017 superstitione,
832 3920 1015 4018 portentis
1039 3913 1340 4017 haereticorum,
1379 3920 1552 4003 monstris
1575 3920 1868 4029 perniciosarum

521 4024 744 4127 opinionum
771 4023 960 4127 quassatus
987 4028 1145 4106 videtur.
1162 4028 1350 4112 universus
1386 4029 1489 4113 orbis
1511 4068 1522 4135 3
1549 4035 1642 4112 tanti
1669 4089 1684 4127 ‚
1712 4052 1870 4136 tamque

522 4126 605 4230 julli
628 4124 810 4214 miarorir
829 4129 1003 4215 lenimen
1033 4132 1278 4218 necessarium
1313 4140 1465 4221 videtur
1490 4141 1604 4240 esse,
1630 4168 1676 4222 ne
1701 4141 1872 4250 despera·

523 4239 629 4318 tione
650 4239 815 4345 dejectus
839 4247 983 4324 animus
1008 4244 1057 4323 de
1079 4247 1156 4327 Dei
1177 4247 1429 4330 misericordia
1454 4251 1596 4333 diffidat
1621 4311 1632 4331 .
1671 4248 1871 4351 Quamob

521 4370 606 4425 rem
630 4350 667 4430 in
696 4374 925 4463 argumento
945 4353 1011 4435 illo
1034 4352 1228 4435 traiiando
1252 4358 1301 4438 de
1324 4359 1577 4444 consolatione
1602 4360 1769 4443 ecclesiae
1791 4386 1873 4440 ver·

436 4491 443 4503 ’
516 4455 618 4543 ,satur
640 4456 720 4543 sum
744 4459 931 4559 libenter,
957 4464 1142 4571 illumque
1169 4463 1339 4550 laborem
1365 4467 1527 4553 sumsisse
1554 4499 1619 4555 me
1645 4500 1723 4553 non
1746 4472 1872 4578 potni-

570 4604 575 4621 ·
624 4590 629 4611 ·
1757 4602 1815 4658 tet
