4028 5710
401 340 1248 471 ADLECTOREM.
1387 382 1447 482 ix

145 523 236 651 ost,
271 521 315 614 in
359 516 654 656 Typograplria
690 535 961 650 Cominiana,
997 543 1063 631 cui
1086 549 1313 670 preſsimus
1323 623 1340 668 ,
1386 561 1514 662 nova

149 664 272 796 quast
299 662 425 787 veste
458 663 604 776 indui,
638 699 832 796 novoque
855 669 964 765 cultu
1002 677 1176 805 expoliri
1188 685 1507 818 studniffiemus.

154 806 392 892 Orationem
414 830 534 929 porro
569 801 706 926 ipfiem
717 872 733 915 ,
766 839 795 893 a
820 815 967 935 paucis
1000 822 1160 909 omnino
1200 826 1360 946 vistim
1382 901 1398 944 ,
1423 870 1505 965 qua

154 934 267 1030 domi
297 949 382 1049 ejus
416 931 774 1056 reservabatur,
810 942 964 1067 statim
999 948 1066 1040 ad
1091 989 1161 1046 nos
1205 960 1504 1082 perftrendans

146 1075 369 1168 curavit.
413 1069 688 1197 Honestrffimo
723 1079 842 1205 e‘gitur
892 1089 1000 1176 tanti
1032 1089 1128 1180 Viri
1159 1093 1350 1214 defiderio
1396 1099 1504 1226 obse.

151 1205 358 1340 quendum
391 1210 475 1299 rati
486 1276 502 1319 ‚
534 1241 602 1300 nos
633 1209 684 1301 id
707 1215 941 1339 propediem
966 1216 1200 1342 fhttaros,
1234 1232 1505 1371 idoneamque

151 1347 215 1434 rei
246 1343 479 1464 occafionem
510 1373 774 1473 captaturos,
822 1357 866 1443 in
899 1351 1012 1448 nolis
1045 1369 1291 1487 recepimus.
1340 1377 1502 1471 Accidit

148 1506 292 1571 antem
315 1507 607 1608 peropportune
630 1551 647 1592 ,
681 1514 726 1574 ue
762 1491 795 1574 C
811 1497 852 1578 A
868 1497 937 1580 M
946 1496 972 1580 I
982 1499 1027 1582 L
1040 1498 1081 1580 L
1093 1500 1176 1588 VS
1227 1508 1280 1594 V
1280 1510 1322 1592 A
1333 1510 1423 1623 Ro
1438 1520 1501 1601 T.

146 1619 259 1710 TV
259 1618 316 1728 S,
352 1611 496 1707 Albas
506 1684 523 1727 ,
557 1621 782 1709 Canonicus
817 1629 1112 1740 Patavium,
1145 1636 1231 1724 vir
1266 1648 1378 1734 oraui
1411 1643 1500 1737 lara

146 1749 251 1845 dum
277 1785 417 1878 genere
458 1749 654 1845 cumulati
680 1787 825 1869 emus,
874 1754 1083 1853 Libellum
1121 1758 1222 1859 lunc
1272 1782 1316 1865 A
1330 1779 1384 1866 V
1382 1785 1426 1870 G
1438 1784 1499 1871 V.

148 1892 376 1980 STI⁶NI
412 1889 781 2008 VALERII‚
817 1899 861 1987 S.
895 1901 951 2014 R.
987 1904 1044 1991 E.
1081 1903 1348 2027 Cardr'nalis,
1383 1922 1493 2040 Epi-

131 2022 254 2147 scopi
288 2026 550 2137 Veronensis,
583 2058 812 2156 numquam
844 2060 968 2125 autea
998 2042 1110 2161 typis
1143 2040 1339 2160 editum,
1372 2085 1496 2179 quem

146 2152 201 2248 al
245 2163 356 2249 unico
399 2154 467 2249 illo
505 2165 611 2251 Anti
645 2166 735 2275 ite,
788 2173 952 2260 veteris
975 2168 1222 2289 scenllitaeis
1267 2184 1490 2310 exemplo,

139 2295 553 2411 anennoeto
601 2298 824 2390 caretum
873 2309 1352 2429 nannenten,
1392 2320 1491 2414 nno

142 2456 354 2557 acceperat
365 2498 385 2549 ,
418 2422 618 2549 noldcum
663 2426 822 2559 benigne
855 2442 1194 2532 communicaret.
1241 2455 1365 2538 Hunc
1398 2453 1494 2547 olim

142 2570 279 2682 Roma
328 2570 422 2654 BA
434 2567 526 2678 RB
545 2571 641 2656 AD
656 2568 683 2653 l
691 2573 724 2655 C
737 2571 861 2677 VS,
908 2569 1061 2660 talium
1097 2570 1251 2693 scilicet
1296 2589 1491 2685 mercium

139 2692 452 2824 avidiffimus‚
487 2702 740 2793 Patavium
763 2702 912 2823 ficum
943 2702 1178 2804 attulerat:
1223 2717 1489 2851 eumdemque

138 2841 237 2930 ‘vix
270 2839 315 2926 in
341 2860 569 2961 paucorum
602 2836 875 2960 quorumdam
906 2832 1146 2938 bibliothecis
1178 2842 1300 2943 leodic
1322 2857 1490 2980 custodi.

136 2977 174 3065 ri
200 2984 346 3085 ajunt.
380 2972 584 3096 Scriptoris
603 2968 741 3090 fama
767 2972 789 3098 l
799 2976 803 2983 ’
817 3008 929 3065 nemo
952 2982 1059 3068 enim
1082 2981 1137 3105 dl
1161 2982 1252 3075 vel
1279 2990 1491 3086 mediocri-

136 3138 199 3201 ter
223 3102 433 3215 eruditus‚
454 3110 522 3229 qui
551 3107 601 3192 V
605 3113 645 3192 A
657 3111 755 3197 LE
767 3112 843 3224 RI
849 3118 875 3200 l
904 3105 1137 3209 dollrinam
1146 3125 1284 3229 ‚vite
1306 3119 1486 3221 innocen-

142 3249 278 3352 tiani,
312 3239 478 3369 ejusque
502 3265 579 3364 pro
606 3231 840 3364 Christiana
858 3250 1014 3369 pietate
1036 3285 1099 3342 res
1117 3251 1306 3376 preclare
1325 3262 1459 3389 gestas
1468 3339 1486 3383 ‚
1580 3320 1601 3350 .

141 3403 217 3464 ant
239 3379 387 3499 ignoret
399 3439 414 3482 ,
447 3395 617 3461 autnon
646 3374 825 3498 plurimi
840 3376 984 3494 finiat
1007 3367 1109 3504 >fd
1143 3390 1240 3506 ipsa
1255 3393 1485 3515 scriptionis

137 3504 295 3599 utelitas
306 3574 323 3617 ,
348 3538 416 3597 nos
439 3501 714 3631 impulerunt,
739 3536 786 3598 ue
809 3506 1048 3603 voluminis
1075 3511 1226 3608 edendi
1249 3556 1392 3618 curam
1405 3534 1485 3650 su-

122 3643 398 3770 serperemus,
432 3676 481 3732 ac
514 3668 606 3737 tam
638 3643 830 3772 eanistco
864 3677 1028 3738 manere
1048 3650 1273 3770 stammam
1303 3694 1332 3750 a
1356 3661 1484 3760 doliis

133 3768 360 3869 loominilns
385 3778 572 3907 gratiam
604 3781 835 3871 iniremus.
879 3786 971 3872 Hoc
1003 3779 1135 3879 brevi
1168 3804 1482 3916 commentario,
1540 3823 1553 3847 ⁰

133 3942 231 4045 quot
262 3904 381 4005 libros
413 3912 477 4005 ad
507 3946 602 4005 eam
635 3913 759 4041 sosque
791 3914 904 4008 diem
950 3919 1165 4047 conficiffet
1200 3925 1225 4053 <
1263 3931 1482 4054 conficerar

131 4078 274 4142 autern
298 4074 407 4176 pane
440 4052 666 4141 innumeros
692 4038 716 4169 )
743 4045 884 4180 quibus
908 4050 1085 4147 moribus
1117 4063 1161 4148 in
1186 4061 1477 4190 adolescentia,

130 4188 175 4277 in
194 4196 440 4296 juventute
452 4252 467 4296 ,
502 4189 546 4274 in
576 4180 734 4317 reliqua
755 4190 864 4278 ‘vita
896 4185 1042 4314 firifflct
1052 4259 1069 4303 ,
1103 4228 1198 4322 quos
1229 4205 1377 4294 amicos
1402 4198 1480 4301 loa*

127 4315 295 4445 bueffit,
331 4319 434 4451 quid
463 4325 619 4448 quovr‘s
652 4348 825 4447 tempore
847 4318 932 4444 stli
968 4325 1167 4453 accidiffi’t
1188 4398 1204 4443 ,
1252 4337 1305 4428 V
1306 4344 1349 4427 A
1359 4347 1404 4432 L
1416 4351 1478 4435 Ε.

129 4454 214 4575 Rl
216 4462 266 4556 V
270 4460 299 4554 S
334 4450 617 4584 deligentiffinre
651 4486 846 4551 enarrat.
893 4459 955 4691 gd
987 4496 1099 4557 vero
1129 4492 1211 4591 pra
1244 4479 1379 4565 ceteris
1414 4484 1479 4568 in«

1331 4606 1414 4698 cul-
