4028 5710
385 277 1250 415 I‘uEnnnrnsernurs.
1363 361 1425 442 47

109 477 269 571 ‘drmit
292 499 528 575 contentus,
555 475 773 575 modestia,
800 474 1011 565 humilitate
1034 489 1160 591 potius
1198 485 1391 573 christiana
1420 515 1485 575 tua

135 591 267 681 fouens
292 649 303 672 .
331 590 445 699 Opus
476 586 571 673 illud
597 616 675 697 ego
700 614 812 670 tuum
835 596 1036 700 egregium
1061 648 1076 691 ,
1100 600 1199 679 varia
1223 624 1263 680 et
1284 600 1493 684 excellenti

135 701 350 787 eruditione
370 696 578 796 refertum,
607 700 657 781 ad
678 699 960 807 patresfamilias
985 705 1263 814 conscriptum,
1293 711 1493 796 edendnm.

135 811 256 920 juni,
293 810 400 920 prod
421 812 462 889 in
483 811 656 889 omnium
687 811 861 895 manibus
884 813 1051 896 Verona
1075 816 1278 920 diligenter
1299 819 1485 917 volvitur,

138 922 245 1030 quod
282 926 323 1009 in
355 914 491 1002 scholis
512 916 691 1002 dositinae
724 919 948 1022 christianae,
971 921 1208 1006 audientibus
1239 922 1422 1037 magistris
1445 954 1495 1009 en

135 1031 308 1142 patribus
330 1025 617 1137 quamplurimis
641 1029 822 1133 familias,
847 1032 923 1115 alta
948 1061 1046 1116 voce
1071 1033 1236 1143 legitur.
1556 1094 1561 1101 «

141 1216 148 1229 ,
192 1168 261 1244 59.
287 1135 564 1247 Pythagoras,
601 1167 643 1225 et
666 1147 839 1228 Socrates
871 1143 1104 1235 admirabiles
1126 1141 1345 1256 philosophi
1365 1144 1487 1231 habiti

137 1251 221 1334 sunt
244 1307 255 1330 .
279 1245 423 1369 '²¹¹.¹b⁰²
443 1271 671 1359 quamquam
691 1253 856 1364 magistri
887 1259 1033 1366 egregii
1057 1254 1310 1365 plurimorum
1339 1256 1491 1343 exilire*

139 1362 242 1455 lint,
268 1354 392 1465 hujus:
413 1364 586 1441 cationis
608 1363 660 1444 de'
685 1389 759 1472 qua
784 1364 1013 1465 scribimus,
1051 1372 1094 1444 in
1115 1359 1226 1446 libris
1246 1366 1398 1447 edendis
1420 1397 1494 1469 aur

140 1465 266 1551 siores
289 1472 482 1580 praecipui
497 1469 747 1554 exstiterunt.
787 1501 862 1555 nec
896 1478 1044 1556 literam
1067 1473 1184 1556 ullam
1208 1478 1383 1557 Socrates
1402 1479 1491 1560 Pia.

141 1579 242 1661 tonis
257 1578 473 1688 magistet,
499 1604 540 1662 et
559 1578 804 1690 philosophiae
827 1582 1001 1666 excultor
1022 1583 1191 1666 suntmus
1208 1582 1362 1692 reliquit
1383 1621 1394 1692 3
1416 1613 1492 1670 nee

140 1684 372 1798 Pythagora
391 1691 506 1780 etiam
530 1689 650 1775 ullum
662 1718 763 1801 opus
784 1691 904 1779 exstat
923 1690 1091 1805 insignes
1116 1691 1335 1803 magistrum
1359 1701 1493 1806 potius

138 1794 271 1881 silentii
293 1797 403 1885 fiisse
428 1797 584 1883 testatur
600 1807 837 1910 antiquitas.
877 1804 952 1889 Sed
975 1802 1096 1911 majus
1123 1806 1301 1913 quiddam
1323 1804 1489 1890 confide-

137 1907 297 1991 tandum
318 1907 477 1995 censeo.
504 1908 674 1996 Christus
701 1916 778 1998 Dei
800 1914 932 2013 filius,
950 1941 1039 1999 veta
1059 1913 1265 2024 sapientia,
1289 1914 1491 2027 magistro-

137 2042 226 2099 rum
246 2024 420 2101 omnium
445 2018 620 2130 magister
641 2046 791 2123 vesus,
818 2033 882 2133 qui
904 2025 996 2110 fecit
1019 2050 1103 2133 quae
1129 2026 1260 2110 docuit
1279 2050 1495 2131 antequam

139 2126 329 2232 docum,
371 2156 443 2240 per
456 2153 590 2215 totum
624 2133 714 2215 vitae
732 2136 808 2218 sun
830 2140 994 2245 'tempus
1028 2134 1173 2219 nullum
1201 2135 1263 2219 vel
1288 2138 1492 2217 minimum

138 2237 261 2323 edidit
278 2231 420 2321 librum
433 2299 455 2349 ,θ
467 2239 557 2345 Ejus
588 2246 666 2323 sita
678 2244 926 2341 latitudinis,
946 2269 1077 2326 mores
1099 2241 1301 2340 caliiffitni,
1323 2241 1408 2348 ejus
1428 2270 1494 2323 ext

141 2345 240 2431 nella
277 2347 507 2446 humilitas,
549 2352 688 2433 eximia
719 2353 1005 2448 mansuetudo,
1044 2351 1263 2433 admiranda
1287 2355 1495 2458 patientia,

141 2454 331 2539 excellens
366 2460 527 2554 caritas,
547 2459 728 2542 miracula
753 2457 935 2570 stupenda
955 2484 1039 2567 qtsae
1073 2460 1244 2559 edebat,
1271 2458 1356 2545 libri
1381 2485 1494 2546 etant

143 2562 387 2675 amplissimis
416 2595 467 2651 ne
485 2567 712 2674 eloquentie
739 2573 779 2650 vi
809 2569 885 2652 ulla
907 2568 1103 2654 fundanii
1130 2568 1383 2654 rnffiffimam
1406 2570 1494 2652 reli·

143 2679 305 2783 gionem
327 2674 492 2777 Christi,
520 2677 812 2771 calumniatores
832 2681 972 2787 perfidi
992 2681 1178 2763 auderent
1203 2682 1354 2779 dicere,
1380 2705 1424 2762 ut
1452 2683 1495 2764 iu

141 2812 190 2871 oa
212 2785 372 2871 divinam
393 2791 469 2893 vim
497 2786 617 2870 inesse
636 2816 683 2872 co
713 2791 910 2875 noscerent
933 2789 1133 2890 hommes,
1156 2790 1322 2894 ejusdem
1342 2790 1496 2898 religio·

139 2900 390 3008 trimenstre
413 2899 601 3009 sapienriae
624 2816 766 2983 ausint.
779 2898 951 2985 Christro
971 2899 1092 2981 libros
1113 2928 1191 2983 non
1212 2902 1355 2985 edidit.
1383 2902 1496 2982 Crux

141 3007 220 3115 ipss
239 3004 311 3089 fuit
332 3007 456 3105 liber,
480 3034 526 3089 et
542 3007 844 3116 cathedta,quae
874 3008 1010 3091 orbem
1034 3014 1145 3090 te'rrae
1173 3012 1329 3105 docuit,
1354 3012 1393 3090 in
1418 3016 1495 3114 qua

142 3113 391 3226 philosophos
420 3141 553 3197 omnes
580 3121 647 3219 qui
671 3119 721 3200 de
738 3118 916 3200 moribus
941 3118 1174 3227 longiffimos
1204 3118 1322 3200 ubios
1342 3118 1498 3200 conscri-

144 3224 327 3332 pserunt,
352 3225 578 3333 superarit.
616 3224 701 3325 Qui
728 3252 857 3308 autem
883 3225 982 3309 hanc
1005 3230 1171 3309 divinam
1200 3227 1362 3308 docendi
1381 3231 1499 3309 ratio.

140 3360 233 3417 nent
256 3333 381 3416 nullos
408 3331 684 3413 conscribentes
705 3333 824 3416 libror
844 3337 978 3415 imitati
996 3337 1119 3430 sunt,
1145 3332 1316 3417 usundi
1335 3332 1499 3441 Apono-

144 3440 576 3549 imminuendum
594 3441 751 3529 loannes
770 3437 949 3547 Baptista,
978 3448 1028 3524 et
1040 3442 1152 3526 sanet
1170 3444 1348 3524 Eremitat
1370 3466 1499 3548 quum·-

144 3549 336 3744 ξὶΐὶιηζιηί,1
353 3557 418 3660 qui
444 3551 583 3748 Ιὲπιιῳ
606 3556 729 3681 crucis
749 3554 993 3680 meditantes,
1017 3554 1202 3680 uirtutum
1226 3556 1498 3747 ruptimplrium,

142 3687 648 3880 instituistis}
669 3688 857 3854 {issi-{l
870 3685 1104 3877 'nillil
1126 3688 1360 3856 idias
1378 3842 1381 3849 .
1396 3685 1499 3853 cll?

145 3877 248 3964 iliani
269 3886 365 3967 muti
385 3884 539 3991 quidam
572 3879 735 3991 magistri
757 3883 934 3965 divinitus
967 3884 1047 3966 dati
1079 3881 1192 3982 sunt,
1214 3888 1280 3991 qui
1314 3878 1498 3991 exemplo

147 3989 471 4091 dooererrt,non
493 3990 621 4075 libris.
796 4052 803 4067 .
1261 4056 1265 4063 .
1403 4022 1408 4035 ·

163 4160 177 4179 -,
199 4105 270 4184 60.
297 4106 386 4185 Nec
404 4129 536 4185 tamen
567 4098 659 4207 quia*
680 4095 854 4185 Christus
874 4104 954 4187 Dei
977 4102 1078 4185 filius
1100 4097 1200 4182 nihil
1222 4098 1499 4207 smipsit,=ejus

146 4208 265 4295 ueluti
287 4212 414 4296 scribat
437 4210 549 4296 sandi
569 4207 814 4320 Evangelillae
834 4270 849 4312 ,
875 4238 916 4295 et
935 4211 1046 4296 sandi
1076 4207 1250 4318 Apostoli
1270 4211 1436 4331 Penusa
1456 4236 1502 4295 et

147 4319 302 4407 Paullus
323 4325 454 4410 divino
474 4323 604 4429 spiritu
625 4319 773 4421 edesii,
786 4320 877 4406 niltil
901 4318 975 4405 elle
1000 4318 1235 4405 scribendum
1253 4323 1495 4428 censuerunt,
1615 4394 1617 4399 ,

149 4456 224 4513 nte
243 4439 331 4546 qtria
350 4434 462 4525 tantu
483 4430 750 4544 Evangelillae,
775 4457 815 4519 ct
835 4428 1031 4545 Aponon,
1052 4454 1148 4544 qnos
1169 4437 1507 4620 nominariponm.

1343 4568 1447 4653 pexi
