<?xml version="1.0" encoding="UTF-8"?>
<!DOCTYPE html PUBLIC "-//W3C//DTD XHTML 1.0 Transitional//EN"
    "http://www.w3.org/TR/xhtml1/DTD/xhtml1-transitional.dtd">
<html xmlns="http://www.w3.org/1999/xhtml" xml:lang="en" lang="en">
 <head>
  <title>
</title>
<meta http-equiv="Content-Type" content="text/html;charset=utf-8" />
  <meta name='ocr-system' content='tesseract 3.04.00' />
  <meta name='ocr-capabilities' content='ocr_page ocr_carea ocr_par ocr_line ocrx_word'/>
</head>
<body>
  <div class='ocr_page' id='page_1' title='image "avgvstinivaleri00valigoog_0081.png"; bbox 0 0 4028 5710; ppageno 0'>
   <div class='ocr_carea' id='block_1_1' title="bbox 574 355 1663 496">
    <p class='ocr_par' dir='ltr' id='par_1_1' title="bbox 574 355 1663 496">
     <span class='ocr_line' id='line_1_1' title="bbox 574 355 1663 496; baseline -0.013 -25"><span class='ocrx_word' id='word_1_1' title='bbox 574 395 642 496; x_wconf 78' lang='lat'>4⁶</span> <span class='ocrx_word' id='word_1_2' title='bbox 725 365 818 468; x_wconf 77' lang='lat' dir='ltr'>DE</span> <span class='ocrx_word' id='word_1_3' title='bbox 865 362 1222 464; x_wconf 68' lang='lat' dir='ltr'>Cremona</span> <span class='ocrx_word' id='word_1_4' title='bbox 1276 355 1663 459; x_wconf 81' lang='lat' dir='ltr'>Aonruuunn</span> 
     </span>
    </p>
   </div>
   <div class='ocr_carea' id='block_1_2' title="bbox 454 522 1996 4474">
    <p class='ocr_par' dir='ltr' id='par_1_2' title="bbox 505 522 1875 2618">
     <span class='ocr_line' id='line_1_2' title="bbox 505 522 1875 633; baseline -0.012 -9"><span class='ocrx_word' id='word_1_5' title='bbox 505 534 698 633; x_wconf 54' lang='lat' dir='ltr'>suomet</span> <span class='ocrx_word' id='word_1_6' title='bbox 722 530 880 613; x_wconf 87' lang='lat' dir='ltr'>aliorum</span> <span class='ocrx_word' id='word_1_7' title='bbox 909 524 1119 610; x_wconf 70' lang='lat' dir='ltr'>studiorum</span> <span class='ocrx_word' id='word_1_8' title='bbox 1142 527 1190 608; x_wconf 88' lang='lat' dir='ltr'>ad</span> <span class='ocrx_word' id='word_1_9' title='bbox 1212 526 1359 608; x_wconf 87' lang='lat' dir='ltr'>sorores</span> <span class='ocrx_word' id='word_1_10' title='bbox 1379 527 1459 608; x_wconf 85' lang='lat' dir='ltr'>suas</span> <span class='ocrx_word' id='word_1_11' title='bbox 1473 582 1484 603; x_wconf 89' lang='lat'>.</span> <span class='ocrx_word' id='word_1_12' title='bbox 1498 522 1561 605; x_wconf 82' lang='lat' dir='ltr'>Ad</span> <span class='ocrx_word' id='word_1_13' title='bbox 1589 548 1755 632; x_wconf 89' lang='lat' dir='ltr'>quorum</span> <span class='ocrx_word' id='word_1_14' title='bbox 1768 524 1875 608; x_wconf 78' lang='lat' dir='ltr'>viru-</span> 
     </span>
     <span class='ocr_line' id='line_1_3' title="bbox 507 632 1873 745; baseline -0.01 -11"><span class='ocrx_word' id='word_1_15' title='bbox 507 675 595 734; x_wconf 85' lang='lat' dir='ltr'>rum</span> <span class='ocrx_word' id='word_1_16' title='bbox 618 640 828 726; x_wconf 75' lang='lat' dir='ltr'>sanstorum</span> <span class='ocrx_word' id='word_1_17' title='bbox 863 642 1113 719; x_wconf 91' lang='lat' dir='ltr'>imitationem</span> <span class='ocrx_word' id='word_1_18' title='bbox 1135 638 1213 745; x_wconf 92' lang='lat' dir='ltr'>ipse</span> <span class='ocrx_word' id='word_1_19' title='bbox 1241 639 1353 718; x_wconf 88' lang='lat' dir='ltr'>etiam</span> <span class='ocrx_word' id='word_1_20' title='bbox 1380 635 1594 743; x_wconf 83' lang='lat' dir='ltr'>scripseram</span> <span class='ocrx_word' id='word_1_21' title='bbox 1620 632 1786 734; x_wconf 88' lang='lat' dir='ltr'>librum,</span> <span class='ocrx_word' id='word_1_22' title='bbox 1814 637 1873 720; x_wconf 82' lang='lat' dir='ltr'>de</span> 
     </span>
     <span class='ocr_line' id='line_1_4' title="bbox 507 741 1872 866; baseline -0.007 -26"><span class='ocrx_word' id='word_1_23' title='bbox 507 785 589 866; x_wconf 89' lang='lat' dir='ltr'>quo</span> <span class='ocrx_word' id='word_1_24' title='bbox 613 755 717 848; x_wconf 82' lang='lat' dir='ltr'>dixi,</span> <span class='ocrx_word' id='word_1_25' title='bbox 743 751 792 832; x_wconf 91' lang='lat' dir='ltr'>de</span> <span class='ocrx_word' id='word_1_26' title='bbox 827 746 988 831; x_wconf 90' lang='lat' dir='ltr'>utilitate</span> <span class='ocrx_word' id='word_1_27' title='bbox 1022 748 1200 854; x_wconf 89' lang='lat' dir='ltr'>capienda</span> <span class='ocrx_word' id='word_1_28' title='bbox 1229 774 1278 828; x_wconf 78' lang='lat' dir='ltr'>ex</span> <span class='ocrx_word' id='word_1_29' title='bbox 1311 741 1423 828; x_wconf 88' lang='lat' dir='ltr'>rebus</span> <span class='ocrx_word' id='word_1_30' title='bbox 1446 775 1467 825; x_wconf 87' lang='lat' dir='ltr'>a</span> <span class='ocrx_word' id='word_1_31' title='bbox 1495 746 1657 828; x_wconf 89' lang='lat' dir='ltr'>Venetis</span> <span class='ocrx_word' id='word_1_32' title='bbox 1683 741 1792 854; x_wconf 80' lang='lat' dir='ltr'>gestis</span> <span class='ocrx_word' id='word_1_33' title='bbox 1813 747 1872 830; x_wconf 86' lang='lat' dir='ltr'>ad</span> 
     </span>
     <span class='ocr_line' id='line_1_5' title="bbox 508 855 1869 965; baseline -0.01 -11"><span class='ocrx_word' id='word_1_34' title='bbox 508 869 652 958; x_wconf 86' lang='lat' dir='ltr'>fratris,</span> <span class='ocrx_word' id='word_1_35' title='bbox 668 887 708 946; x_wconf 89' lang='lat' dir='ltr'>et</span> <span class='ocrx_word' id='word_1_36' title='bbox 735 862 872 942; x_wconf 90' lang='lat' dir='ltr'>sororis</span> <span class='ocrx_word' id='word_1_37' title='bbox 899 886 993 939; x_wconf 85' lang='lat' dir='ltr'>meae</span> <span class='ocrx_word' id='word_1_38' title='bbox 1019 858 1141 942; x_wconf 82' lang='lat' dir='ltr'>filios.</span> <span class='ocrx_word' id='word_1_39' title='bbox 1169 858 1246 943; x_wconf 84' lang='lat' dir='ltr'>Alii</span> <span class='ocrx_word' id='word_1_40' title='bbox 1272 855 1319 936; x_wconf 86' lang='lat' dir='ltr'>ad</span> <span class='ocrx_word' id='word_1_41' title='bbox 1350 883 1479 964; x_wconf 86' lang='lat' dir='ltr'>reges,</span> <span class='ocrx_word' id='word_1_42' title='bbox 1494 856 1541 937; x_wconf 91' lang='lat' dir='ltr'>ad</span> <span class='ocrx_word' id='word_1_43' title='bbox 1570 860 1785 965; x_wconf 79' lang='lat' dir='ltr'><strong>principes,</strong></span> <span class='ocrx_word' id='word_1_44' title='bbox 1813 857 1869 941; x_wconf 87' lang='lat' dir='ltr'>ad</span> 
     </span>
     <span class='ocr_line' id='line_1_6' title="bbox 508 964 1869 1068; baseline -0.008 -6"><span class='ocrx_word' id='word_1_45' title='bbox 508 972 715 1065; x_wconf 87' lang='lat' dir='ltr'>Pontifices</span> <span class='ocrx_word' id='word_1_46' title='bbox 747 971 939 1067; x_wconf 89' lang='lat' dir='ltr'>summos,</span> <span class='ocrx_word' id='word_1_47' title='bbox 960 969 1043 1051; x_wconf 69' lang='lat' dir='ltr'>sitos</span> <span class='ocrx_word' id='word_1_48' title='bbox 1080 971 1234 1049; x_wconf 90' lang='lat' dir='ltr'>mittunt</span> <span class='ocrx_word' id='word_1_49' title='bbox 1266 964 1409 1064; x_wconf 83' lang='lat' dir='ltr'>libros,</span> <span class='ocrx_word' id='word_1_50' title='bbox 1437 992 1481 1047; x_wconf 90' lang='lat' dir='ltr'>ut</span> <span class='ocrx_word' id='word_1_51' title='bbox 1504 964 1726 1049; x_wconf 77' lang='lat' dir='ltr'>Arilloteles</span> <span class='ocrx_word' id='word_1_52' title='bbox 1750 965 1869 1068; x_wconf 85' lang='lat' dir='ltr'>fecit,</span> 
     </span>
     <span class='ocr_line' id='line_1_7' title="bbox 509 1073 1867 1196; baseline -0.012 -25"><span class='ocrx_word' id='word_1_53' title='bbox 509 1093 574 1196; x_wconf 91' lang='lat' dir='ltr'>qui</span> <span class='ocrx_word' id='word_1_54' title='bbox 602 1083 649 1164; x_wconf 91' lang='lat' dir='ltr'>ad</span> <span class='ocrx_word' id='word_1_55' title='bbox 689 1082 948 1170; x_wconf 79' lang='lat' dir='ltr'>Alexandrum</span> <span class='ocrx_word' id='word_1_56' title='bbox 974 1075 1145 1185; x_wconf 80' lang='lat' dir='ltr'>scripsit,</span> <span class='ocrx_word' id='word_1_57' title='bbox 1174 1073 1397 1158; x_wconf 77' lang='lat' dir='ltr'>Plutarchus</span> <span class='ocrx_word' id='word_1_58' title='bbox 1432 1076 1481 1156; x_wconf 84' lang='lat' dir='ltr'>ad</span> <span class='ocrx_word' id='word_1_59' title='bbox 1504 1076 1748 1181; x_wconf 70' lang='lat' dir='ltr'>Traianum,</span> <span class='ocrx_word' id='word_1_60' title='bbox 1785 1082 1867 1162; x_wconf 90' lang='lat' dir='ltr'>san.</span> 
     </span>
     <span class='ocr_line' id='line_1_8' title="bbox 510 1183 1872 1297; baseline -0.007 -14"><span class='ocrx_word' id='word_1_61' title='bbox 510 1199 592 1283; x_wconf 74' lang='lat' dir='ltr'>slus</span> <span class='ocrx_word' id='word_1_62' title='bbox 624 1193 838 1276; x_wconf 86' lang='lat' dir='ltr'>Bernardut</span> <span class='ocrx_word' id='word_1_63' title='bbox 873 1190 920 1271; x_wconf 89' lang='lat' dir='ltr'>ad</span> <span class='ocrx_word' id='word_1_64' title='bbox 958 1189 1208 1297; x_wconf 79' lang='lat' dir='ltr'>Fugenium,</span> <span class='ocrx_word' id='word_1_65' title='bbox 1237 1212 1277 1267; x_wconf 92' lang='lat' dir='ltr'>et</span> <span class='ocrx_word' id='word_1_66' title='bbox 1315 1183 1583 1292; x_wconf 73' lang='lat' dir='ltr'>quamplurimi</span> <span class='ocrx_word' id='word_1_67' title='bbox 1620 1183 1700 1268; x_wconf 93' lang='lat' dir='ltr'>hoc</span> <span class='ocrx_word' id='word_1_68' title='bbox 1730 1187 1872 1274; x_wconf 78' lang='lat' dir='ltr'>sacculo</span> 
     </span>
     <span class='ocr_line' id='line_1_9' title="bbox 512 1293 1873 1419; baseline -0.002 -32"><span class='ocrx_word' id='word_1_69' title='bbox 512 1299 767 1419; x_wconf 90' lang='lat' dir='ltr'>principibus,</span> <span class='ocrx_word' id='word_1_70' title='bbox 794 1324 835 1382; x_wconf 89' lang='lat' dir='ltr'>et</span> <span class='ocrx_word' id='word_1_71' title='bbox 860 1295 1013 1405; x_wconf 85' lang='lat' dir='ltr'>regibus</span> <span class='ocrx_word' id='word_1_72' title='bbox 1045 1299 1134 1379; x_wconf 89' lang='lat' dir='ltr'>suos</span> <span class='ocrx_word' id='word_1_73' title='bbox 1176 1293 1378 1379; x_wconf 91' lang='lat' dir='ltr'>inscribunt</span> <span class='ocrx_word' id='word_1_74' title='bbox 1398 1295 1540 1391; x_wconf 87' lang='lat' dir='ltr'>libros,</span> <span class='ocrx_word' id='word_1_75' title='bbox 1553 1321 1620 1378; x_wconf 85' lang='lat' dir='ltr'>aut</span> <span class='ocrx_word' id='word_1_76' title='bbox 1639 1323 1683 1377; x_wconf 88' lang='lat' dir='ltr'>ut</span> <span class='ocrx_word' id='word_1_77' title='bbox 1705 1304 1873 1384; x_wconf 83' lang='lat' dir='ltr'>nominis</span> 
     </span>
     <span class='ocr_line' id='line_1_10' title="bbox 510 1405 1870 1519; baseline -0.01 -22"><span class='ocrx_word' id='word_1_78' title='bbox 510 1411 767 1499; x_wconf 84' lang='lat' dir='ltr'>celebritatem</span> <span class='ocrx_word' id='word_1_79' title='bbox 803 1407 871 1494; x_wconf 81' lang='lat' dir='ltr'>sibi</span> <span class='ocrx_word' id='word_1_80' title='bbox 900 1431 1161 1519; x_wconf 88' lang='lat' dir='ltr'>comparent,</span> <span class='ocrx_word' id='word_1_81' title='bbox 1186 1431 1275 1504; x_wconf 91' lang='lat' dir='ltr'>aut,</span> <span class='ocrx_word' id='word_1_82' title='bbox 1301 1405 1406 1508; x_wconf 87' lang='lat' dir='ltr'>quod</span> <span class='ocrx_word' id='word_1_83' title='bbox 1433 1405 1564 1513; x_wconf 86' lang='lat' dir='ltr'>saepius</span> <span class='ocrx_word' id='word_1_84' title='bbox 1598 1405 1693 1488; x_wconf 91' lang='lat' dir='ltr'>solet</span> <span class='ocrx_word' id='word_1_85' title='bbox 1719 1411 1870 1492; x_wconf 87' lang='lat' dir='ltr'>accide.</span> 
     </span>
     <span class='ocr_line' id='line_1_11' title="bbox 511 1513 1872 1625; baseline -0.005 -21"><span class='ocrx_word' id='word_1_86' title='bbox 511 1551 579 1624; x_wconf 84' lang='lat' dir='ltr'>re,</span> <span class='ocrx_word' id='word_1_87' title='bbox 606 1547 649 1603; x_wconf 92' lang='lat' dir='ltr'>ut</span> <span class='ocrx_word' id='word_1_88' title='bbox 676 1521 829 1603; x_wconf 90' lang='lat' dir='ltr'>suorum</span> <span class='ocrx_word' id='word_1_89' title='bbox 859 1518 1035 1601; x_wconf 89' lang='lat' dir='ltr'>laborum</span> <span class='ocrx_word' id='word_1_90' title='bbox 1068 1522 1267 1625; x_wconf 80' lang='lat' dir='ltr'>praemium</span> <span class='ocrx_word' id='word_1_91' title='bbox 1293 1513 1447 1618; x_wconf 88' lang='lat' dir='ltr'>aliquod</span> <span class='ocrx_word' id='word_1_92' title='bbox 1476 1516 1772 1623; x_wconf 85' lang='lat' dir='ltr'>consequantur.</span> <span class='ocrx_word' id='word_1_93' title='bbox 1817 1522 1872 1604; x_wconf 85' lang='lat' dir='ltr'>Et</span> 
     </span>
     <span class='ocr_line' id='line_1_12' title="bbox 513 1621 1873 1743; baseline -0.013 -26"><span class='ocrx_word' id='word_1_94' title='bbox 513 1633 616 1743; x_wconf 87' lang='lat' dir='ltr'>apud</span> <span class='ocrx_word' id='word_1_95' title='bbox 639 1655 787 1713; x_wconf 88' lang='lat' dir='ltr'>veteres</span> <span class='ocrx_word' id='word_1_96' title='bbox 809 1659 885 1713; x_wconf 92' lang='lat' dir='ltr'>non</span> <span class='ocrx_word' id='word_1_97' title='bbox 908 1627 1111 1710; x_wconf 86' lang='lat' dir='ltr'>defuerunt</span> <span class='ocrx_word' id='word_1_98' title='bbox 1137 1631 1202 1732; x_wconf 87' lang='lat' dir='ltr'>qui</span> <span class='ocrx_word' id='word_1_99' title='bbox 1234 1625 1469 1708; x_wconf 86' lang='lat' dir='ltr'>hortatorius</span> <span class='ocrx_word' id='word_1_100' title='bbox 1505 1621 1622 1706; x_wconf 85' lang='lat' dir='ltr'>libror</span> <span class='ocrx_word' id='word_1_101' title='bbox 1649 1629 1873 1738; x_wconf 85' lang='lat' dir='ltr'>conscripse.</span> 
     </span>
     <span class='ocr_line' id='line_1_13' title="bbox 514 1732 1870 1847; baseline -0.002 -20"><span class='ocrx_word' id='word_1_102' title='bbox 514 1751 592 1827; x_wconf 91' lang='lat' dir='ltr'>rint</span> <span class='ocrx_word' id='word_1_103' title='bbox 625 1740 672 1821; x_wconf 92' lang='lat' dir='ltr'>ad</span> <span class='ocrx_word' id='word_1_104' title='bbox 696 1766 842 1847; x_wconf 82' lang='lat' dir='ltr'>reges,</span> <span class='ocrx_word' id='word_1_105' title='bbox 868 1764 911 1821; x_wconf 91' lang='lat' dir='ltr'>ut</span> <span class='ocrx_word' id='word_1_106' title='bbox 936 1738 1114 1819; x_wconf 88' lang='lat' dir='ltr'>Isocrates</span> <span class='ocrx_word' id='word_1_107' title='bbox 1145 1791 1158 1831; x_wconf 96' lang='lat'>,</span> <span class='ocrx_word' id='word_1_108' title='bbox 1188 1761 1227 1817; x_wconf 90' lang='lat' dir='ltr'>et</span> <span class='ocrx_word' id='word_1_109' title='bbox 1256 1735 1317 1816; x_wconf 88' lang='lat' dir='ltr'>alii</span> <span class='ocrx_word' id='word_1_110' title='bbox 1342 1790 1357 1832; x_wconf 90' lang='lat'>,</span> <span class='ocrx_word' id='word_1_111' title='bbox 1382 1761 1422 1817; x_wconf 88' lang='lat' dir='ltr'>et</span> <span class='ocrx_word' id='word_1_112' title='bbox 1448 1732 1587 1818; x_wconf 73' lang='lat' dir='ltr'>sandius</span> <span class='ocrx_word' id='word_1_113' title='bbox 1614 1733 1788 1821; x_wconf 86' lang='lat' dir='ltr'>Thomas</span> <span class='ocrx_word' id='word_1_114' title='bbox 1818 1741 1870 1824; x_wconf 90' lang='lat' dir='ltr'>ad</span> 
     </span>
     <span class='ocr_line' id='line_1_14' title="bbox 513 1843 1872 1958; baseline -0.001 -23"><span class='ocrx_word' id='word_1_115' title='bbox 513 1879 650 1958; x_wconf 85' lang='lat' dir='ltr'>regem</span> <span class='ocrx_word' id='word_1_116' title='bbox 686 1850 836 1955; x_wconf 72' lang='lat' dir='ltr'>Cypri3</span> <span class='ocrx_word' id='word_1_117' title='bbox 863 1852 928 1954; x_wconf 90' lang='lat' dir='ltr'>qui</span> <span class='ocrx_word' id='word_1_118' title='bbox 954 1846 1040 1929; x_wconf 90' lang='lat' dir='ltr'>libri</span> <span class='ocrx_word' id='word_1_119' title='bbox 1066 1843 1095 1931; x_wconf 80' lang='lat' dir='ltr'>ss</span> <span class='ocrx_word' id='word_1_120' title='bbox 1125 1845 1291 1928; x_wconf 83' lang='lat' dir='ltr'>salutaria</span> <span class='ocrx_word' id='word_1_121' title='bbox 1329 1845 1546 1926; x_wconf 85' lang='lat' dir='ltr'>contineant</span> <span class='ocrx_word' id='word_1_122' title='bbox 1573 1871 1764 1957; x_wconf 81' lang='lat' dir='ltr'>praecepta</span> <span class='ocrx_word' id='word_1_123' title='bbox 1787 1906 1802 1947; x_wconf 95' lang='lat'>,</span> <span class='ocrx_word' id='word_1_124' title='bbox 1828 1874 1872 1933; x_wconf 90' lang='lat' dir='ltr'>et</span> 
     </span>
     <span class='ocr_line' id='line_1_15' title="bbox 516 1953 1873 2069; baseline 0.001 -28"><span class='ocrx_word' id='word_1_125' title='bbox 516 1961 683 2069; x_wconf 82' lang='lat' dir='ltr'>graviter</span> <span class='ocrx_word' id='word_1_126' title='bbox 711 1958 908 2066; x_wconf 86' lang='lat' dir='ltr'>conscripti</span> <span class='ocrx_word' id='word_1_127' title='bbox 935 1953 1032 2054; x_wconf 80' lang='lat' dir='ltr'>sint,</span> <span class='ocrx_word' id='word_1_128' title='bbox 1057 1953 1224 2052; x_wconf 82' lang='lat' dir='ltr'>utiliter,</span> <span class='ocrx_word' id='word_1_129' title='bbox 1251 1979 1292 2038; x_wconf 92' lang='lat' dir='ltr'>et</span> <span class='ocrx_word' id='word_1_130' title='bbox 1320 1977 1408 2036; x_wconf 87' lang='lat' dir='ltr'>cum</span> <span class='ocrx_word' id='word_1_131' title='bbox 1434 1953 1546 2036; x_wconf 87' lang='lat' dir='ltr'>laude</span> <span class='ocrx_word' id='word_1_132' title='bbox 1571 1957 1735 2039; x_wconf 88' lang='lat' dir='ltr'>eduntur</span> <span class='ocrx_word' id='word_1_133' title='bbox 1760 1959 1806 2042; x_wconf 88' lang='lat' dir='ltr'>ad</span> <span class='ocrx_word' id='word_1_134' title='bbox 1832 1960 1873 2043; x_wconf 91' lang='lat' dir='ltr'>il-</span> 
     </span>
     <span class='ocr_line' id='line_1_16' title="bbox 517 2065 1870 2179; baseline 0 -27"><span class='ocrx_word' id='word_1_135' title='bbox 517 2071 646 2152; x_wconf 85' lang='lat' dir='ltr'>iorum</span> <span class='ocrx_word' id='word_1_136' title='bbox 683 2071 895 2179; x_wconf 90' lang='lat' dir='ltr'>principum</span> <span class='ocrx_word' id='word_1_137' title='bbox 917 2091 983 2165; x_wconf 91' lang='lat' dir='ltr'>,et</span> <span class='ocrx_word' id='word_1_138' title='bbox 1010 2092 1145 2175; x_wconf 87' lang='lat' dir='ltr'>regum</span> <span class='ocrx_word' id='word_1_139' title='bbox 1181 2067 1244 2169; x_wconf 89' lang='lat' dir='ltr'>qui</span> <span class='ocrx_word' id='word_1_140' title='bbox 1270 2065 1464 2148; x_wconf 85' lang='lat' dir='ltr'>successuri</span> <span class='ocrx_word' id='word_1_141' title='bbox 1490 2065 1612 2165; x_wconf 91' lang='lat' dir='ltr'>sunt,</span> <span class='ocrx_word' id='word_1_142' title='bbox 1640 2066 1870 2152; x_wconf 87' lang='lat' dir='ltr'>utilitatem.</span> 
     </span>
     <span class='ocr_line' id='line_1_17' title="bbox 517 2171 1871 2288; baseline -0.003 -25"><span class='ocrx_word' id='word_1_143' title='bbox 517 2180 583 2263; x_wconf 86' lang='lat' dir='ltr'>Ad</span> <span class='ocrx_word' id='word_1_144' title='bbox 609 2175 865 2288; x_wconf 86' lang='lat' dir='ltr'>posteritatem</span> <span class='ocrx_word' id='word_1_145' title='bbox 895 2199 1013 2258; x_wconf 87' lang='lat' dir='ltr'>totam</span> <span class='ocrx_word' id='word_1_146' title='bbox 1042 2173 1222 2257; x_wconf 85' lang='lat' dir='ltr'>conscribi</span> <span class='ocrx_word' id='word_1_147' title='bbox 1248 2175 1423 2257; x_wconf 88' lang='lat' dir='ltr'>videntur</span> <span class='ocrx_word' id='word_1_148' title='bbox 1445 2171 1630 2275; x_wconf 82' lang='lat' dir='ltr'>hisloriae,</span> <span class='ocrx_word' id='word_1_149' title='bbox 1657 2202 1740 2284; x_wconf 85' lang='lat' dir='ltr'>quae</span> <span class='ocrx_word' id='word_1_150' title='bbox 1763 2175 1791 2261; x_wconf 85' lang='lat' dir='ltr'>st</span> <span class='ocrx_word' id='word_1_151' title='bbox 1817 2179 1871 2259; x_wconf 78' lang='lat' dir='ltr'>dt.</span> 
     </span>
     <span class='ocr_line' id='line_1_18' title="bbox 517 2282 1866 2397; baseline 0 -26"><span class='ocrx_word' id='word_1_152' title='bbox 517 2289 704 2397; x_wconf 87' lang='lat' dir='ltr'>ligenter,</span> <span class='ocrx_word' id='word_1_153' title='bbox 734 2314 775 2369; x_wconf 90' lang='lat' dir='ltr'>er</span> <span class='ocrx_word' id='word_1_154' title='bbox 801 2288 997 2397; x_wconf 89' lang='lat' dir='ltr'>perspicue</span> <span class='ocrx_word' id='word_1_155' title='bbox 1019 2284 1225 2367; x_wconf 89' lang='lat' dir='ltr'>scribantur</span> <span class='ocrx_word' id='word_1_156' title='bbox 1250 2282 1327 2367; x_wconf 84' lang='lat' dir='ltr'>srne</span> <span class='ocrx_word' id='word_1_157' title='bbox 1349 2285 1430 2366; x_wconf 91' lang='lat' dir='ltr'>ullo</span> <span class='ocrx_word' id='word_1_158' title='bbox 1455 2284 1568 2397; x_wconf 74' lang='lat' dir='ltr'>suco,</span> <span class='ocrx_word' id='word_1_159' title='bbox 1594 2288 1642 2369; x_wconf 88' lang='lat' dir='ltr'>ad</span> <span class='ocrx_word' id='word_1_160' title='bbox 1668 2293 1866 2372; x_wconf 85' lang='lat' dir='ltr'>veritatem</span> 
     </span>
     <span class='ocr_line' id='line_1_19' title="bbox 518 2392 1871 2496; baseline 0 -16"><span class='ocrx_word' id='word_1_161' title='bbox 518 2397 815 2495; x_wconf 87' lang='lat' dir='ltr'>testificandam,</span> <span class='ocrx_word' id='word_1_162' title='bbox 841 2398 889 2478; x_wconf 88' lang='lat' dir='ltr'>ad</span> <span class='ocrx_word' id='word_1_163' title='bbox 916 2401 1094 2480; x_wconf 86' lang='lat' dir='ltr'>virtutem</span> <span class='ocrx_word' id='word_1_164' title='bbox 1124 2394 1259 2476; x_wconf 89' lang='lat' dir='ltr'>debitis</span> <span class='ocrx_word' id='word_1_165' title='bbox 1286 2392 1498 2477; x_wconf 84' lang='lat' dir='ltr'>honoribus</span> <span class='ocrx_word' id='word_1_166' title='bbox 1522 2398 1797 2496; x_wconf 86' lang='lat' dir='ltr'>extollendam,</span> <span class='ocrx_word' id='word_1_167' title='bbox 1823 2396 1871 2480; x_wconf 90' lang='lat' dir='ltr'>ad</span> 
     </span>
     <span class='ocr_line' id='line_1_20' title="bbox 520 2503 1680 2618; baseline 0.001 -28"><span class='ocrx_word' id='word_1_168' title='bbox 520 2505 781 2618; x_wconf 85' lang='lat' dir='ltr'>posteritatem</span> <span class='ocrx_word' id='word_1_169' title='bbox 805 2505 1078 2607; x_wconf 85' lang='lat' dir='ltr'>instruendam,</span> <span class='ocrx_word' id='word_1_170' title='bbox 1103 2531 1235 2587; x_wconf 86' lang='lat' dir='ltr'>earum</span> <span class='ocrx_word' id='word_1_171' title='bbox 1258 2503 1441 2587; x_wconf 86' lang='lat' dir='ltr'>laudanda</span> <span class='ocrx_word' id='word_1_172' title='bbox 1462 2504 1515 2590; x_wconf 89' lang='lat' dir='ltr'>esl</span> <span class='ocrx_word' id='word_1_173' title='bbox 1538 2509 1680 2591; x_wconf 88' lang='lat' dir='ltr'>editio.</span> 
     </span>
    </p>

    <p class='ocr_par' dir='ltr' id='par_1_3' title="bbox 454 2613 1996 4474">
     <span class='ocr_line' id='line_1_21' title="bbox 573 2613 1872 2723; baseline 0.003 -28"><span class='ocrx_word' id='word_1_174' title='bbox 573 2614 641 2718; x_wconf 89' lang='lat'>58.</span> <span class='ocrx_word' id='word_1_175' title='bbox 669 2619 727 2697; x_wconf 83' lang='lat' dir='ltr'>Ex</span> <span class='ocrx_word' id='word_1_176' title='bbox 750 2614 807 2696; x_wconf 90' lang='lat' dir='ltr'>his</span> <span class='ocrx_word' id='word_1_177' title='bbox 840 2616 934 2696; x_wconf 87' lang='lat' dir='ltr'>locis</span> <span class='ocrx_word' id='word_1_178' title='bbox 968 2614 1027 2695; x_wconf 82' lang='lat' dir='ltr'>har</span> <span class='ocrx_word' id='word_1_179' title='bbox 1058 2614 1203 2723; x_wconf 83' lang='lat' dir='ltr'>regulae</span> <span class='ocrx_word' id='word_1_180' title='bbox 1230 2613 1356 2719; x_wconf 88' lang='lat' dir='ltr'>colligi</span> <span class='ocrx_word' id='word_1_181' title='bbox 1384 2617 1538 2723; x_wconf 88' lang='lat' dir='ltr'>possunt</span> <span class='ocrx_word' id='word_1_182' title='bbox 1561 2674 1576 2716; x_wconf 93' lang='lat'>,</span> <span class='ocrx_word' id='word_1_183' title='bbox 1599 2643 1643 2700; x_wconf 88' lang='lat' dir='ltr'>ut</span> <span class='ocrx_word' id='word_1_184' title='bbox 1679 2622 1794 2698; x_wconf 77' lang='lat' dir='ltr'>cautio</span> <span class='ocrx_word' id='word_1_185' title='bbox 1827 2620 1872 2699; x_wconf 70' lang='grc' dir='ltr'>ἑ»</span> 
     </span>
     <span class='ocr_line' id='line_1_22' title="bbox 520 2717 1868 2833; baseline 0.004 -28"><span class='ocrx_word' id='word_1_186' title='bbox 520 2724 673 2805; x_wconf 81' lang='lat' dir='ltr'>edendis</span> <span class='ocrx_word' id='word_1_187' title='bbox 694 2717 802 2804; x_wconf 83' lang='lat' dir='ltr'>libris</span> <span class='ocrx_word' id='word_1_188' title='bbox 824 2718 1060 2805; x_wconf 80' lang='lat' dir='ltr'>adhibeatur.</span> <span class='ocrx_word' id='word_1_189' title='bbox 1090 2723 1177 2804; x_wconf 77' lang='lat' dir='ltr'>&#39;hac</span> <span class='ocrx_word' id='word_1_190' title='bbox 1200 2719 1412 2828; x_wconf 72' lang='lat' dir='ltr'>suprimat</span> <span class='ocrx_word' id='word_1_191' title='bbox 1438 2754 1488 2808; x_wconf 90' lang='lat' dir='ltr'>ne</span> <span class='ocrx_word' id='word_1_192' title='bbox 1511 2731 1592 2833; x_wconf 90' lang='lat' dir='ltr'>quis</span> <span class='ocrx_word' id='word_1_193' title='bbox 1616 2727 1703 2810; x_wconf 91' lang='lat' dir='ltr'>edat</span> <span class='ocrx_word' id='word_1_194' title='bbox 1729 2728 1868 2810; x_wconf 87' lang='lat' dir='ltr'>librum</span> 
     </span>
     <span class='ocr_line' id='line_1_23' title="bbox 454 2828 1868 2942; baseline 0.005 -28"><span class='ocrx_word' id='word_1_195' title='bbox 454 2927 455 2931; x_wconf 8' lang='grc' dir='ltr'><strong><em>Ν</em></strong></span> <span class='ocrx_word' id='word_1_196' title='bbox 522 2839 591 2942; x_wconf 88' lang='lat' dir='ltr'>qni</span> <span class='ocrx_word' id='word_1_197' title='bbox 618 2860 663 2915; x_wconf 87' lang='lat' dir='ltr'>ea</span> <span class='ocrx_word' id='word_1_198' title='bbox 689 2839 877 2915; x_wconf 84' lang='lat' dir='ltr'>contineat</span> <span class='ocrx_word' id='word_1_199' title='bbox 900 2857 983 2938; x_wconf 84' lang='lat' dir='ltr'>quae</span> <span class='ocrx_word' id='word_1_200' title='bbox 1005 2830 1052 2914; x_wconf 88' lang='lat' dir='ltr'>ab</span> <span class='ocrx_word' id='word_1_201' title='bbox 1065 2831 1144 2911; x_wconf 89' lang='lat' dir='ltr'>aliis</span> <span class='ocrx_word' id='word_1_202' title='bbox 1172 2828 1325 2915; x_wconf 75' lang='lat' dir='ltr'>traslata</span> <span class='ocrx_word' id='word_1_203' title='bbox 1347 2832 1416 2915; x_wconf 82' lang='lat' dir='ltr'>fint</span> <span class='ocrx_word' id='word_1_204' title='bbox 1440 2834 1690 2919; x_wconf 78' lang='lat' dir='ltr'>uberiustsuo</span> <span class='ocrx_word' id='word_1_205' title='bbox 1712 2842 1868 2921; x_wconf 89' lang='lat' dir='ltr'>nomine</span> 
     </span>
     <span class='ocr_line' id='line_1_24' title="bbox 521 2941 1874 3051; baseline 0.001 -22"><span class='ocrx_word' id='word_1_206' title='bbox 521 2972 599 3029; x_wconf 85' lang='lat' dir='ltr'>nun</span> <span class='ocrx_word' id='word_1_207' title='bbox 621 2943 755 3050; x_wconf 84' lang='lat' dir='ltr'>vulget</span> <span class='ocrx_word' id='word_1_208' title='bbox 780 2942 895 3025; x_wconf 87' lang='lat' dir='ltr'>libros</span> <span class='ocrx_word' id='word_1_209' title='bbox 919 2943 968 3023; x_wconf 92' lang='lat' dir='ltr'>de</span> <span class='ocrx_word' id='word_1_210' title='bbox 1001 2966 1227 3051; x_wconf 84' lang='lat' dir='ltr'>argumento</span> <span class='ocrx_word' id='word_1_211' title='bbox 1261 2941 1388 3048; x_wconf 89' lang='lat' dir='ltr'>aliquo</span> <span class='ocrx_word' id='word_1_212' title='bbox 1419 2948 1524 3051; x_wconf 89' lang='lat' dir='ltr'>quod</span> <span class='ocrx_word' id='word_1_213' title='bbox 1560 2944 1794 3045; x_wconf 82' lang='lat' dir='ltr'>dilucidius,</span> <span class='ocrx_word' id='word_1_214' title='bbox 1833 2969 1874 3030; x_wconf 87' lang='lat' dir='ltr'>et</span> 
     </span>
     <span class='ocr_line' id='line_1_25' title="bbox 525 3047 1871 3166; baseline 0.001 -30"><span class='ocrx_word' id='word_1_215' title='bbox 525 3052 652 3136; x_wconf 86' lang='lat' dir='ltr'>verbis</span> <span class='ocrx_word' id='word_1_216' title='bbox 675 3050 969 3160; x_wconf 84' lang='lat' dir='ltr'>elegantioribus</span> <span class='ocrx_word' id='word_1_217' title='bbox 996 3049 1195 3134; x_wconf 72' lang='lat' dir='ltr'>traslatum</span> <span class='ocrx_word' id='word_1_218' title='bbox 1220 3047 1264 3133; x_wconf 84' lang='lat' dir='ltr'>stt</span> <span class='ocrx_word' id='word_1_219' title='bbox 1290 3052 1337 3135; x_wconf 91' lang='lat' dir='ltr'>ab</span> <span class='ocrx_word' id='word_1_220' title='bbox 1365 3053 1594 3139; x_wconf 77' lang='lat' dir='ltr'>aliisriuanis</span> <span class='ocrx_word' id='word_1_221' title='bbox 1617 3054 1787 3166; x_wconf 84' lang='lat' dir='ltr'>gloriolae</span> <span class='ocrx_word' id='word_1_222' title='bbox 1811 3078 1871 3137; x_wconf 83' lang='lat' dir='ltr'>au-</span> 
     </span>
     <span class='ocr_line' id='line_1_26' title="bbox 529 3160 1870 3273; baseline 0.003 -29"><span class='ocrx_word' id='word_1_223' title='bbox 529 3162 710 3271; x_wconf 83' lang='lat' dir='ltr'>cupandae</span> <span class='ocrx_word' id='word_1_224' title='bbox 735 3163 857 3242; x_wconf 89' lang='lat' dir='ltr'>caussa</span> <span class='ocrx_word' id='word_1_225' title='bbox 881 3162 1095 3268; x_wconf 87' lang='lat' dir='ltr'>scriptiones</span> <span class='ocrx_word' id='word_1_226' title='bbox 1121 3189 1197 3243; x_wconf 91' lang='lat' dir='ltr'>non</span> <span class='ocrx_word' id='word_1_227' title='bbox 1220 3160 1353 3270; x_wconf 82' lang='lat' dir='ltr'>vulget</span> <span class='ocrx_word' id='word_1_228' title='bbox 1379 3165 1456 3245; x_wconf 86' lang='lat' dir='ltr'>sttas</span> <span class='ocrx_word' id='word_1_229' title='bbox 1478 3198 1490 3247; x_wconf 78' lang='lat' dir='ltr'><strong><em>z</em></strong></span> <span class='ocrx_word' id='word_1_230' title='bbox 1516 3168 1696 3273; x_wconf 89' lang='lat' dir='ltr'>seipsum,</span> <span class='ocrx_word' id='word_1_231' title='bbox 1716 3191 1756 3246; x_wconf 90' lang='lat' dir='ltr'>et</span> <span class='ocrx_word' id='word_1_232' title='bbox 1777 3165 1870 3248; x_wconf 86' lang='lat' dir='ltr'>alios</span> 
     </span>
     <span class='ocr_line' id='line_1_27' title="bbox 523 3271 1870 3382; baseline 0.004 -29"><span class='ocrx_word' id='word_1_233' title='bbox 523 3271 683 3366; x_wconf 83' lang='lat' dir='ltr'>sallent,</span> <span class='ocrx_word' id='word_1_234' title='bbox 712 3296 962 3352; x_wconf 84' lang='lat' dir='ltr'>mercaturam</span> <span class='ocrx_word' id='word_1_235' title='bbox 985 3275 1150 3378; x_wconf 88' lang='lat' dir='ltr'>ingenii,</span> <span class='ocrx_word' id='word_1_236' title='bbox 1171 3296 1210 3352; x_wconf 88' lang='lat' dir='ltr'>et</span> <span class='ocrx_word' id='word_1_237' title='bbox 1235 3272 1476 3382; x_wconf 88' lang='lat' dir='ltr'>scriptionum</span> <span class='ocrx_word' id='word_1_238' title='bbox 1498 3275 1646 3359; x_wconf 86' lang='lat' dir='ltr'>suarum</span> <span class='ocrx_word' id='word_1_239' title='bbox 1667 3301 1717 3355; x_wconf 89' lang='lat' dir='ltr'>ne</span> <span class='ocrx_word' id='word_1_240' title='bbox 1740 3274 1870 3358; x_wconf 82' lang='lat' dir='ltr'>faciat:</span> 
     </span>
     <span class='ocr_line' id='line_1_28' title="bbox 523 3378 1871 3494; baseline 0.006 -33"><span class='ocrx_word' id='word_1_241' title='bbox 523 3382 630 3488; x_wconf 86' lang='lat' dir='ltr'>quod</span> <span class='ocrx_word' id='word_1_242' title='bbox 666 3382 900 3463; x_wconf 89' lang='lat' dir='ltr'>mediocrem</span> <span class='ocrx_word' id='word_1_243' title='bbox 928 3378 1058 3462; x_wconf 89' lang='lat' dir='ltr'>saltem</span> <span class='ocrx_word' id='word_1_244' title='bbox 1088 3380 1289 3463; x_wconf 88' lang='lat' dir='ltr'>utilitatem</span> <span class='ocrx_word' id='word_1_245' title='bbox 1327 3380 1529 3465; x_wconf 76' lang='lat' dir='ltr'>christiana</span> <span class='ocrx_word' id='word_1_246' title='bbox 1553 3384 1774 3494; x_wconf 82' lang='lat' dir='ltr'>respublica</span> <span class='ocrx_word' id='word_1_247' title='bbox 1796 3385 1871 3469; x_wconf 85' lang='lat' dir='ltr'>esse</span> 
     </span>
     <span class='ocr_line' id='line_1_29' title="bbox 525 3488 1869 3603; baseline 0.004 -29"><span class='ocrx_word' id='word_1_248' title='bbox 525 3488 726 3574; x_wconf 89' lang='lat' dir='ltr'>allaturum</span> <span class='ocrx_word' id='word_1_249' title='bbox 737 3516 835 3600; x_wconf 89' lang='lat' dir='ltr'>opus</span> <span class='ocrx_word' id='word_1_250' title='bbox 858 3518 934 3572; x_wconf 91' lang='lat' dir='ltr'>non</span> <span class='ocrx_word' id='word_1_251' title='bbox 957 3489 1268 3600; x_wconf 83' lang='lat' dir='ltr'>intelligit,nulla</span> <span class='ocrx_word' id='word_1_252' title='bbox 1284 3498 1428 3575; x_wconf 88' lang='lat' dir='ltr'>ratione</span> <span class='ocrx_word' id='word_1_253' title='bbox 1454 3497 1491 3573; x_wconf 93' lang='lat' dir='ltr'>in</span> <span class='ocrx_word' id='word_1_254' title='bbox 1516 3493 1709 3603; x_wconf 90' lang='lat' dir='ltr'>publicum</span> <span class='ocrx_word' id='word_1_255' title='bbox 1731 3500 1869 3579; x_wconf 86' lang='lat' dir='ltr'>mittat:</span> 
     </span>
     <span class='ocr_line' id='line_1_30' title="bbox 525 3599 1996 3710; baseline 0 -26"><span class='ocrx_word' id='word_1_256' title='bbox 525 3629 604 3684; x_wconf 89' lang='lat' dir='ltr'>non</span> <span class='ocrx_word' id='word_1_257' title='bbox 638 3627 774 3682; x_wconf 86' lang='lat' dir='ltr'>oneret</span> <span class='ocrx_word' id='word_1_258' title='bbox 810 3602 1017 3683; x_wconf 90' lang='lat' dir='ltr'>literariam</span> <span class='ocrx_word' id='word_1_259' title='bbox 1050 3599 1327 3710; x_wconf 88' lang='lat' dir='ltr'>rempublicam</span> <span class='ocrx_word' id='word_1_260' title='bbox 1361 3601 1465 3683; x_wconf 89' lang='lat' dir='ltr'>libris</span> <span class='ocrx_word' id='word_1_261' title='bbox 1497 3608 1602 3702; x_wconf 90' lang='lat' dir='ltr'>suis,</span> <span class='ocrx_word' id='word_1_262' title='bbox 1630 3634 1706 3687; x_wconf 92' lang='lat' dir='ltr'>non</span> <span class='ocrx_word' id='word_1_263' title='bbox 1734 3604 1869 3689; x_wconf 81' lang='lat' dir='ltr'>obruat</span> <span class='ocrx_word' id='word_1_264' title='bbox 1992 3634 1996 3640; x_wconf 76' lang='grc'><strong><em>’</em></strong></span> 
     </span>
     <span class='ocr_line' id='line_1_31' title="bbox 525 3710 1870 3819; baseline 0.002 -28"><span class='ocrx_word' id='word_1_265' title='bbox 525 3711 727 3819; x_wconf 85' lang='lat' dir='ltr'>praeclara,</span> <span class='ocrx_word' id='word_1_266' title='bbox 745 3737 785 3792; x_wconf 89' lang='lat' dir='ltr'>et</span> <span class='ocrx_word' id='word_1_267' title='bbox 810 3711 951 3793; x_wconf 89' lang='lat' dir='ltr'>curiosa</span> <span class='ocrx_word' id='word_1_268' title='bbox 977 3715 1123 3817; x_wconf 87' lang='lat' dir='ltr'>ingenia</span> <span class='ocrx_word' id='word_1_269' title='bbox 1144 3710 1214 3791; x_wconf 89' lang='lat' dir='ltr'>suis</span> <span class='ocrx_word' id='word_1_270' title='bbox 1236 3712 1507 3818; x_wconf 86' lang='lat' dir='ltr'>nugis.solatio</span> <span class='ocrx_word' id='word_1_271' title='bbox 1528 3713 1708 3795; x_wconf 89' lang='lat' dir='ltr'>scribendi</span> <span class='ocrx_word' id='word_1_272' title='bbox 1722 3737 1870 3794; x_wconf 86' lang='lat' dir='ltr'>conten</span> 
     </span>
     <span class='ocr_line' id='line_1_32' title="bbox 526 3818 1870 3931; baseline -0.001 -30"><span class='ocrx_word' id='word_1_273' title='bbox 526 3846 588 3901; x_wconf 92' lang='lat' dir='ltr'>tus</span> <span class='ocrx_word' id='word_1_274' title='bbox 609 3823 738 3927; x_wconf 84' lang='lat' dir='ltr'>paucis</span> <span class='ocrx_word' id='word_1_275' title='bbox 765 3820 980 3925; x_wconf 88' lang='lat' dir='ltr'>quibusdam</span> <span class='ocrx_word' id='word_1_276' title='bbox 1003 3824 1132 3901; x_wconf 90' lang='lat' dir='ltr'>amicis</span> <span class='ocrx_word' id='word_1_277' title='bbox 1155 3819 1261 3928; x_wconf 87' lang='lat' dir='ltr'>legar</span> <span class='ocrx_word' id='word_1_278' title='bbox 1282 3825 1368 3920; x_wconf 85' lang='lat' dir='ltr'>lua,</span> <span class='ocrx_word' id='word_1_279' title='bbox 1396 3852 1471 3905; x_wconf 90' lang='lat' dir='ltr'>non</span> <span class='ocrx_word' id='word_1_280' title='bbox 1493 3825 1599 3927; x_wconf 79' lang='lat' dir='ltr'>edat3</span> <span class='ocrx_word' id='word_1_281' title='bbox 1627 3848 1668 3902; x_wconf 95' lang='lat' dir='ltr'>ut</span> <span class='ocrx_word' id='word_1_282' title='bbox 1692 3824 1765 3931; x_wconf 91' lang='lat' dir='ltr'>ipse</span> <span class='ocrx_word' id='word_1_283' title='bbox 1786 3818 1870 3918; x_wconf 86' lang='lat' dir='ltr'>feci,</span> 
     </span>
     <span class='ocr_line' id='line_1_33' title="bbox 528 3925 1870 4035; baseline 0.002 -27"><span class='ocrx_word' id='word_1_284' title='bbox 528 3933 592 4035; x_wconf 86' lang='lat' dir='ltr'>qui</span> <span class='ocrx_word' id='word_1_285' title='bbox 616 3925 664 4008; x_wconf 85' lang='lat' dir='ltr'>ab</span> <span class='ocrx_word' id='word_1_286' title='bbox 685 3930 839 4013; x_wconf 88' lang='lat' dir='ltr'>edendis</span> <span class='ocrx_word' id='word_1_287' title='bbox 875 3929 978 4012; x_wconf 86' lang='lat' dir='ltr'>libris</span> <span class='ocrx_word' id='word_1_288' title='bbox 1001 3930 1113 4014; x_wconf 87' lang='lat' dir='ltr'>valde</span> <span class='ocrx_word' id='word_1_289' title='bbox 1138 3928 1341 4014; x_wconf 89' lang='lat' dir='ltr'>abhorrui.</span> <span class='ocrx_word' id='word_1_290' title='bbox 1369 3935 1502 4033; x_wconf 86' lang='lat' dir='ltr'>Quam</span> <span class='ocrx_word' id='word_1_291' title='bbox 1528 3939 1723 4011; x_wconf 78' lang='lat' dir='ltr'>cantionem</span> <span class='ocrx_word' id='word_1_292' title='bbox 1761 3953 1802 4009; x_wconf 90' lang='lat' dir='ltr'>et</span> <span class='ocrx_word' id='word_1_293' title='bbox 1828 3955 1870 4012; x_wconf 90' lang='lat' dir='ltr'>tu</span> 
     </span>
     <span class='ocr_line' id='line_1_34' title="bbox 528 4032 1872 4147; baseline 0.004 -32"><span class='ocrx_word' id='word_1_294' title='bbox 528 4032 745 4146; x_wconf 72' lang='lat' dir='ltr'>adhibuisti,</span> <span class='ocrx_word' id='word_1_295' title='bbox 773 4067 814 4122; x_wconf 92' lang='lat' dir='ltr'>et</span> <span class='ocrx_word' id='word_1_296' title='bbox 837 4041 955 4147; x_wconf 84' lang='lat' dir='ltr'>reipsa</span> <span class='ocrx_word' id='word_1_297' title='bbox 976 4041 1072 4122; x_wconf 88' lang='lat' dir='ltr'>visus</span> <span class='ocrx_word' id='word_1_298' title='bbox 1095 4069 1136 4122; x_wconf 91' lang='lat' dir='ltr'>es</span> <span class='ocrx_word' id='word_1_299' title='bbox 1161 4040 1359 4147; x_wconf 72' lang='lat' dir='ltr'>probasse3</span> <span class='ocrx_word' id='word_1_300' title='bbox 1383 4070 1469 4123; x_wconf 92' lang='lat' dir='ltr'>cum</span> <span class='ocrx_word' id='word_1_301' title='bbox 1493 4049 1593 4125; x_wconf 90' lang='lat' dir='ltr'>enim</span> <span class='ocrx_word' id='word_1_302' title='bbox 1615 4038 1872 4122; x_wconf 89' lang='lat' dir='ltr'>fertilissrmum</span> 
     </span>
     <span class='ocr_line' id='line_1_35' title="bbox 529 4146 1872 4257; baseline 0 -28"><span class='ocrx_word' id='word_1_303' title='bbox 529 4149 656 4232; x_wconf 89' lang='lat' dir='ltr'>divino</span> <span class='ocrx_word' id='word_1_304' title='bbox 677 4149 864 4235; x_wconf 88' lang='lat' dir='ltr'>beneficio</span> <span class='ocrx_word' id='word_1_305' title='bbox 884 4147 1012 4233; x_wconf 76' lang='lat' dir='ltr'>nasius</span> <span class='ocrx_word' id='word_1_306' title='bbox 1035 4146 1081 4229; x_wconf 82' lang='lat' dir='ltr'>sss</span> <span class='ocrx_word' id='word_1_307' title='bbox 1104 4153 1319 4257; x_wconf 80' lang='lat' dir='ltr'>ingenium,</span> <span class='ocrx_word' id='word_1_308' title='bbox 1346 4177 1387 4232; x_wconf 88' lang='lat' dir='ltr'>et</span> <span class='ocrx_word' id='word_1_309' title='bbox 1409 4180 1524 4236; x_wconf 88' lang='lat' dir='ltr'>nemo</span> <span class='ocrx_word' id='word_1_310' title='bbox 1545 4152 1792 4249; x_wconf 86' lang='lat' dir='ltr'>facilius,nec</span> <span class='ocrx_word' id='word_1_311' title='bbox 1816 4146 1872 4231; x_wconf 91' lang='lat' dir='ltr'>se-</span> 
     </span>
     <span class='ocr_line' id='line_1_36' title="bbox 527 4254 1874 4366; baseline 0.001 -29"><span class='ocrx_word' id='word_1_312' title='bbox 527 4254 635 4340; x_wconf 92' lang='lat' dir='ltr'>licius</span> <span class='ocrx_word' id='word_1_313' title='bbox 660 4283 705 4340; x_wconf 86' lang='lat' dir='ltr'>te</span> <span class='ocrx_word' id='word_1_314' title='bbox 732 4268 923 4357; x_wconf 87' lang='lat' dir='ltr'>carmine,</span> <span class='ocrx_word' id='word_1_315' title='bbox 946 4288 990 4341; x_wconf 87' lang='lat' dir='ltr'>et</span> <span class='ocrx_word' id='word_1_316' title='bbox 1008 4259 1128 4342; x_wconf 90' lang='lat' dir='ltr'>soluta</span> <span class='ocrx_word' id='word_1_317' title='bbox 1148 4266 1323 4344; x_wconf 87' lang='lat' dir='ltr'>oratione</span> <span class='ocrx_word' id='word_1_318' title='bbox 1344 4260 1521 4366; x_wconf 89' lang='lat' dir='ltr'>loquatur</span> <span class='ocrx_word' id='word_1_319' title='bbox 1543 4320 1557 4362; x_wconf 90' lang='lat'>,</span> <span class='ocrx_word' id='word_1_320' title='bbox 1583 4290 1623 4347; x_wconf 91' lang='lat' dir='ltr'>et</span> <span class='ocrx_word' id='word_1_321' title='bbox 1645 4261 1801 4358; x_wconf 83' lang='lat' dir='ltr'>scribat,</span> <span class='ocrx_word' id='word_1_322' title='bbox 1827 4284 1874 4339; x_wconf 79' lang='lat' dir='ltr'>ex</span> 
     </span>
     <span class='ocr_line' id='line_1_37' title="bbox 530 4367 1875 4474; baseline 0.003 -30"><span class='ocrx_word' id='word_1_323' title='bbox 530 4368 735 4474; x_wconf 87' lang='lat' dir='ltr'>improviso</span> <span class='ocrx_word' id='word_1_324' title='bbox 761 4376 877 4453; x_wconf 86' lang='lat' dir='ltr'>etiam</span> <span class='ocrx_word' id='word_1_325' title='bbox 899 4367 1106 4454; x_wconf 88' lang='lat' dir='ltr'>incredibili</span> <span class='ocrx_word' id='word_1_326' title='bbox 1128 4396 1235 4469; x_wconf 86' lang='lat' dir='ltr'>mea,</span> <span class='ocrx_word' id='word_1_327' title='bbox 1249 4398 1290 4453; x_wconf 89' lang='lat' dir='ltr'>et</span> <span class='ocrx_word' id='word_1_328' title='bbox 1308 4380 1477 4454; x_wconf 89' lang='lat' dir='ltr'>omniurn</span> <span class='ocrx_word' id='word_1_329' title='bbox 1501 4401 1587 4456; x_wconf 89' lang='lat' dir='ltr'>cum</span> <span class='ocrx_word' id='word_1_330' title='bbox 1614 4373 1875 4471; x_wconf 61' lang='lat' dir='ltr'>admiratione,</span> 
     </span>
    </p>
   </div>
   <div class='ocr_carea' id='block_1_3' title="bbox 530 4473 1875 4672">
    <p class='ocr_par' dir='ltr' id='par_1_4' title="bbox 530 4473 1875 4672">
     <span class='ocr_line' id='line_1_38' title="bbox 530 4473 1875 4672; baseline -0.001 -112"><span class='ocrx_word' id='word_1_331' title='bbox 530 4473 746 4585; x_wconf 78' lang='lat' dir='ltr'>paucissima</span> <span class='ocrx_word' id='word_1_332' title='bbox 766 4503 896 4566; x_wconf 84' lang='lat' dir='ltr'>tamen</span> <span class='ocrx_word' id='word_1_333' title='bbox 921 4479 1098 4581; x_wconf 89' lang='lat' dir='ltr'>edidilli,</span> <span class='ocrx_word' id='word_1_334' title='bbox 1125 4480 1250 4585; x_wconf 83' lang='lat' dir='ltr'>Silvi,</span> <span class='ocrx_word' id='word_1_335' title='bbox 1274 4481 1389 4566; x_wconf 86' lang='lat' dir='ltr'>solida</span> <span class='ocrx_word' id='word_1_336' title='bbox 1410 4482 1520 4567; x_wconf 87' lang='lat' dir='ltr'>laude</span> <span class='ocrx_word' id='word_1_337' title='bbox 1547 4487 1723 4594; x_wconf 85' lang='lat' dir='ltr'>ingenii,</span> <span class='ocrx_word' id='word_1_338' title='bbox 1741 4476 1875 4672; x_wconf 40' lang='lat' dir='ltr'>illido</span> 
     </span>
    </p>
   </div>
   <div class='ocr_carea' id='block_1_4' title="bbox 0 0 2048 5710">
    <p class='ocr_par' dir='ltr' id='par_1_5' title="bbox 0 0 2048 5710">
     <span class='ocr_line' id='line_1_39' title="bbox 0 0 2048 5710; baseline 0 0"><span class='ocrx_word' id='word_1_339' title='bbox 0 0 2048 5710; x_wconf 95' lang='lat' dir='ltr'> </span> 
     </span>
    </p>
   </div>
  </div>
 </body>
</html>
