4028 5710
611 367 669 438 re
748 332 841 433 Dr
886 328 1238 430 Cnvrrour
1272 316 1658 431 Anntnrunn

531 534 619 591 rum
638 534 726 590 cum
747 502 905 612 aequales
926 494 1215 599 mei,leslislimi
1237 491 1473 601 juvemur
1501 521 1564 577 nte
1591 495 1768 603 quotidie
1789 494 1893 584 fere

531 617 783 713 accederent,
810 613 1037 695 accederent
1056 610 1174 690 etiam
1195 602 1299 687 dosii
1325 606 1421 717 uiri,
1448 628 1489 685 et
1511 605 1664 711 quidam
1685 610 1801 691 etiam
1828 610 1894 693 de

531 725 763 811 senatoribus
790 725 1008 833 praecipuis,
1035 715 1301 824 jucundissimir
1327 711 1527 818 :equalium
1548 713 1894 816 sermonibur,va-

531 840 631 933 riis,
657 861 698 917 et
719 833 874 917 eruditis
904 831 1105 936 colloquiis
1132 830 1182 910 ita
1208 823 1418 931 aliquorum
1439 820 1622 907 mensum
1648 827 1766 935 spatio
1793 830 1891 912 sum

531 969 759 1042 recreatus,
797 968 840 1024 ut
863 940 1028 1048 aliquam
1053 933 1321 1043 recuperande
1343 930 1563 1013 valetudinis
1588 937 1693 1041 spem
1731 940 1886 1021 medici

533 1058 800 1163 conciperent.
829 1055 904 1132 Sex
927 1044 1111 1130 mensium
1131 1047 1251 1155 spatio
1270 1045 1445 1149 corporis
1468 1045 1565 1123 vires
1587 1047 1639 1126 ita
1658 1044 1741 1127 sunt
1761 1047 1884 1133 robo-

531 1191 643 1259 ratae,
672 1188 714 1243 ut
736 1158 923 1265 pristinam
943 1156 1194 1241 valetudinem
1217 1156 1541 1259 recuperaverim.
1570 1178 1739 1254 tantam,
1762 1158 1885 1259 Silvi,

534 1276 711 1355 dominus
731 1272 838 1353 Deus
860 1263 954 1346 milti
976 1264 1153 1348 concessit
1175 1261 1464 1358 valetudinem,
1490 1285 1534 1340 ur
1560 1261 1607 1343 ab
1632 1263 1698 1344 illo
1730 1290 1884 1377 tempo·

533 1409 576 1465 re
597 1387 635 1465 in
656 1378 821 1474 nullam,
850 1372 915 1458 nist
941 1372 1097 1457 sortasse
1124 1377 1163 1455 in
1188 1370 1458 1480 ephemeram,
1482 1368 1618 1453 febrim
1632 1376 1880 1460 inciderim.

589 1482 1117 1583 20.‚Med1·ntrunculisillis,
1144 1483 1194 1564 de
1214 1478 1355 1587 quibua
1369 1479 1468 1578 dixi,
1491 1480 1634 1581 deinde
1658 1509 1745 1566 mea
1767 1489 1879 1570 omni

534 1603 570 1680 in
590 1604 676 1680 vita.
701 1598 780 1679 sum
801 1592 912 1676 valde
933 1592 1163 1677 delebatur.
1200 1590 1316 1698 longa
1342 1586 1423 1671 baec
1449 1593 1622 1692 corporis
1655 1597 1878 1702 aegritudo,

535 1707 658 1789 crebri
688 1705 940 1814 plurimorum
969 1707 1032 1807 qui
1060 1703 1108 1782 ad
1132 1728 1194 1782 me
1219 1695 1484 1793 accedebant,
1506 1701 1725 1801 sermones,
1751 1706 1880 1787 nescio

536 1841 646 1922 quam
669 1812 762 1896 mihi
784 1811 977 1921 augebant
997 1810 1329 1895 existimationem.
1357 1805 1566 1890 Vislibere
1592 1809 1748 1897 dicam?
1775 1813 1878 1922 post.

536 1949 654 2030 quam
680 1923 886 2019 convalui,
911 1918 1060 2004 habitur
1083 1921 1162 2002 sum
1187 1918 1370 2012 dosiior,
1397 1914 1627 2016 facundior,
1653 1946 1693 2001 et
1718 1925 1878 2029 majoris

536 2037 648 2141 spei,
673 2058 787 2140 quam
808 2055 941 2111 antea.
967 2033 1066 2113 Inter
1091 2032 1269 2112 maximas
1296 2026 1476 2107 utilitates
1504 2050 1588 2132 quae
1616 2056 1666 2110 ex
1698 2057 1876 2140 corpora-

535 2143 564 2224 li
588 2143 810 2252 aegritudine
837 2144 918 2249 capi
940 2136 1129 2250 possunt,
1154 2134 1235 2218 haec
1261 2140 1377 2218 etiam
1405 2138 1591 2243 capitur,
1618 2142 1724 2245 quod
1764 2147 1876 2225 inter.

536 2252 627 2334 dum
641 2276 811 2361 augetur
830 2243 1254 2346 existimatio,fitamen
1275 2245 1412 2327 utilitas
1434 2242 1515 2324 haec
1535 2242 1591 2329 est
1611 2246 1877 2351 existimanda,

535 2389 623 2444 cum
644 2360 836 2446 interdum
852 2358 976 2463 major
995 2358 1044 2441 ht
1062 2353 1303 2451 existimatio,
1316 2378 1429 2459 quam
1449 2356 1566 2436 virtus
1588 2356 1792 2442 multorum
1807 2360 1874 2443 ho

535 2474 701 2577 mittun,
729 2475 953 2574 inquorum
986 2494 1149 2552 numero
1171 2490 1214 2546 et
1239 2458 1381 2559 fuisse,
1406 2487 1446 2544 et
1480 2463 1555 2543 esre
1576 2490 1875 2578 menumquam

536 2582 777 2685 negaverim.
805 2580 898 2659 Non
920 2580 1062 2659 multos
1084 2572 1167 2683 poll
1189 2575 1335 2657 menses
1355 2570 1513 2657 Iacobus
1534 2574 1783 2678 Foscarenur,
1807 2586 1874 2687 qui

536 2683 810 2794 philosophiam
837 2685 985 2794 publice
1009 2682 1284 2791 profitebatur,
1306 2684 1510 2771 advocator
1539 2694 1876 2775 communir.ctea·'

537 2821 600 2877 tus
631 2793 718 2879 est.
758 2798 916 2877 Senatus
944 2793 1108 2879 nobilem
1129 2792 1323 2875 Venetum
1348 2794 1394 2873 ad
1427 2789 1706 2900 philosophiam
1735 2800 1877 2903 docem

539 2904 663 3002 dam,
688 2930 773 2987 eam
800 2907 839 2985 in
864 2906 994 3011 primis
1020 2926 1105 3009 quae
1129 2898 1184 2983 est
1211 2901 1259 2981 de
1285 2900 1485 2996 moribus,
1524 2907 1722 3011 patricium
1747 2911 1873 2990 virum

539 3012 725 3098 constituit
750 3012 1045 3120 deligere.tunc
1071 3011 1181 3093 multi
1199 3010 1327 3092 dicere
1350 3038 1414 3091 me
1434 3009 1611 3095 illioneri
1637 3012 1797 3098 ferendo
1821 3020 1875 3098 es-

453 3214 456 3220 ,
537 3127 573 3206 se
604 3125 818 3222 idoneum,
844 3123 1028 3205 versatum
1058 3123 1136 3203 esse
1165 3119 1349 3227 plurimos
1380 3146 1497 3200 annor
1524 3127 1561 3213 in
1600 3121 1871 3234 philosophia,
1958 3140 1963 3147 '

538 3231 659 3316 multa
678 3230 855 3337 scripfisse
893 3256 976 3337 quae
1010 3226 1310 3341 philosophicum
1350 3231 1471 3309 nescio
1498 3231 1588 3335 quid
1616 3234 1868 3319 redolerent:

536 3343 614 3424 esse
634 3368 699 3421 me
721 3337 997 3451 philoponum,
1019 3341 1159 3423 erudiri
1182 3368 1202 3419 a
1228 3367 1289 3421 me
1311 3332 1416 3448 polle
1441 3337 1726 3429 adolescentiam
1750 3346 1870 3426 Vene-

537 3480 637 3533 tam.
665 3452 743 3556 lpse
763 3478 901 3531 munus
926 3449 1178 3535 honorificum
1201 3474 1355 3559 optare,
1371 3448 1480 3531 valde
1503 3466 1628 3531 tamen
1652 3456 1868 3549 timemur

538 3561 685 3668 possem
722 3558 899 3666 proloqui
936 3585 1021 3663 quae
1058 3564 1186 3640 animo
1223 3562 1466 3667 conciperem
1488 3586 1648 3653 ,orare
1676 3561 1867 3645 dominum

536 3673 693 3766 Deum,
719 3692 764 3747 ut
785 3667 967 3771 quidquid
990 3667 1120 3772 gloriae
1142 3672 1179 3749 in
1203 3671 1331 3773 primis
1356 3667 1450 3762 suae,
1475 3667 1610 3749 deinde
1634 3671 1782 3752 utilitati
1795 3669 1868 3750 Ve-

537 3805 636 3861 netae
656 3778 859 3882 juventutis
881 3776 1138 3872 conduceret,
1154 3777 1215 3859 illa
1238 3780 1275 3857 in
1298 3778 1483 3885 petitione
1503 3776 1742 3862 succederet.
1767 3780 1868 3863 Con

539 3915 597 3971 tra
619 3910 771 3967 motem
802 3889 1099 3990 competitorum
1119 3885 1316 3970 laudabam
1340 3883 1415 3991 ipse
1441 3885 1618 3969 Iacobum
1646 3894 1870 3989 Surianum,

540 4002 606 4102 qui
626 3996 718 4080 illud
739 3995 857 4106 ipsum
884 4022 1016 4077 nunus
1038 3996 1213 4100 petebat.
1241 4000 1280 4078 in
1306 3990 1542 4102 philosophia
1568 3997 1691 4080 multo
1719 3998 1870 4107 diligen·

540 4111 649 4204 tius,
675 4132 788 4214 quam
821 4106 932 4212 ipse,
957 4105 1120 4186 versatus
1143 4107 1300 4200 fuerat,
1327 4104 1546 4211 progressus
1573 4110 1689 4190 etiam
1712 4107 1869 4214 majores

536 4204 700 4295 fecerat:
722 4242 802 4297 erat
822 4220 935 4295 etiam
963 4213 1047 4296 satis
1068 4214 1274 4296 facundus.
1299 4211 1377 4293 Sed
1392 4215 1514 4296 nescio
1538 4242 1615 4322 quo
1642 4215 1870 4323 padio(cre-

537 4319 700 4400 diderim
723 4325 904 4406 Bernardi
926 4329 1132 4430 Navagerii
1159 4323 1329 4406 avunculi
1349 4325 1426 4401 mei
1448 4319 1689 4426 testimonio,
1712 4355 1752 4409 et
1776 4325 1871 4411 savo

533 4431 606 4530 re)
620 4429 745 4508 multis
769 4431 950 4539 suffragiis
972 4436 1192 4531 Surianum,
1219 4457 1257 4512 et
1278 4444 1426 4513 ceteros
1447 4460 1582 4517 omnes
1604 4444 1670 4542 qui
1692 4436 1870 4547 petebant

1723 4548 1826 4658 supe-
