4028 5710
396 353 901 462 IuEneunrs
958 366 1277 469 Ltsrt-r's.
1384 415 1438 474 ιι

157 530 345 620 blanditiis
367 528 587 621 facultatum
614 534 789 618 illarum.
815 534 1058 620 Aristotelem
1081 538 1319 641 interpretari
1341 565 1420 618 non
1445 538 1509 620 dea

157 645 362 741 sinebam,
387 647 425 726 in
455 645 538 752 ejus
552 642 669 726 ‘libris
692 646 898 728 moralibus
921 647 1093 730 versabar
1127 646 1430 752 diligentiffime:
1458 648 1509 731 le·

157 753 338 843 errabam
360 757 474 837 etiam
494 753 695 837 Platonem
709 812 724 854 ,
737 755 1062 866 Xenophontem,
1087 755 1357 855 Plutarchum,
1384 785 1424 839 ct
1447 784 1511 841 ve-

158 890 261 949 teres
294 863 418 947 honos
452 866 653 969 scriptores
682 890 763 946 tum
787 894 962 975 graecos,
990 894 1072 949 turn
1100 865 1233 949 latinos
1261 866 1508 949 :admirabar

158 980 275 1058 etiarn
302 974 468 1055 sensium
489 968 709 1074 Thomam,
733 978 769 1056 in
793 1000 897 1082 quo,
919 1004 1007 1059 cum
1032 975 1239 1082 theologiae
1259 999 1420 1081 operam
1448 978 1509 1058 da-

155 1113 242 1169 rem
279 1084 461 1178 Patavii,
500 1081 661 1168 docente
688 1082 924 1194 theologiam
958 1085 1135 1196 magistro
1170 1084 1403 1181 Hadriano,
1443 1091 1509 1193 qui

158 1192 300 1277 deinde
335 1188 405 1270 suit
429 1190 626 1302 episcopus
646 1192 993 1305 lullinopolitanus,
1018 1193 1211 1293 versabar,
1236 1195 1439 1306 presertim
1464 1199 1507 1279 in

156 1307 348 1395 Summa,
375 1299 422 1381 ad
449 1301 738 1412 explicationem
761 1303 971 1389 Aristotelis
994 1308 1167 1417 quadam
1188 1305 1404 1414 applicans,
1426 1330 1512 1412 que

159 1407 412 1506 acutissimus,
435 1436 475 1490 et
513 1410 736 1494 dosiiffirnus
755 1414 820 1495 ille
841 1421 897 1496 vit
921 1419 1180 1500 monumentis
1201 1414 1395 1496 literanum
1417 1443 1508 1497 con,

159 1515 395 1627 fignaverat.
421 1518 639 1630 Episletum
664 1523 961 1606 adolescentibus
981 1527 1141 1605 Venetis
1164 1526 1277 1602 etiam
1306 1524 1512 1631 proposue-

155 1654 238 1711 ram
262 1685 276 1727 ‚
302 1627 433 1711 diebus
468 1627 605 1736 quibus
635 1630 894 1730 vacabamus,
920 1637 1016 1714 inter
1048 1628 1293 1739 philosophos
1328 1629 1511 1739 pulchras

156 1738 355 1823 sententias
376 1733 625 1837 afferentem,
653 1764 693 1823 et
714 1742 973 1825 adolescentiae
1002 1742 1313 1823 accommodatas.
1328 1740 1435 1822 valde
1458 1741 1506 1822 ad

148 1845 355 1929 illecebras
375 1847 615 1957 voluptatum
638 1853 976 1959 reprimendas,et
1004 1854 1051 1934 ad
1063 1853 1351 1936 admirationem
1370 1876 1511 1934 return

156 1979 399 2042 externarum
424 1984 488 2043 aut
510 1958 743 2061 tollendam,
771 1989 836 2045 aut
858 1963 1124 2046 minuendam.

216 2071 282 2151 26.
310 2070 414 2153 Cum
450 2096 589 2154 annum
614 2072 849 2180 trigesimum
871 2098 1062 2179 agerem,
1089 2100 1169 2181 quo
1191 2097 1367 2181 tempore
1387 2071 1513 2156 libros-

153 2174 364 2261 'Aristotelis
389 2182 438 2261 de
460 2179 630 2265 moribus
653 2183 811 2266 studiose
833 2183 1034 2292 legebam,
1069 2210 1113 2263 ut
1134 2185 1301 2287 sequenti
1326 2185 1387 2264 die
1408 2184 1508 2263 audi-

154 2286 304 2368 toribus
330 2294 424 2369 meis
445 2294 570 2397 primi·
587 2288 680 2371 libri
714 2318 863 2399 partem
888 2291 988 2372 illam
1015 2297 1053 2371 in
1074 2315 1150 2394 qua
1176 2295 1299 2400 agitur
1321 2293 1371 2372 de
1391 2288 1505 2370 felici-

155 2418 238 2478 tate
276 2392 478 2495 hominis,
503 2399 765 2505 explicarem,
788 2398 1059 2504 inexspeblatus
1082 2403 1232 2478 nuntius
1263 2401 1311 2476 ad
1342 2401 1511 2478 senatum

155 2509 289 2603 venit,
304 2507 541 2588 Bernardum
567 2510 830 2615 Navagerium
855 2503 1080 2587 avunculum
1103 2530 1256 2600 meum,
1270 2505 1513 2590 Cardinalem

155 2610 296 2697 sallum
320 2644 331 2694 s
359 2615 482 2721 pridie
514 2615 614 2696 illius
637 2618 711 2698 diei
736 2614 1076 2725 dialogumnescio
1097 2637 1214 2719 quem
1235 2610 1305 2723 ipsi
1325 2614 1509 2698 dederam

153 2722 365 2831 legendum
385 2724 437 2806 de
459 2722 647 2833 fugiendis
668 2721 952 2824 honoribus,in
974 2748 1051 2832 quo
1074 2749 1164 2805 cunt
1182 2723 1343 2914 {pimet
1364 2723 1508 2830 quibus

155 2832 243 2915 dam
278 2832 358 2931 aliis
378 2831 606 2917 Matthaeum
638 2834 860 2920 Dandulum
882 2892 896 2933 ,
922 2834 1162 2917 clatitlimum
1198 2859 1427 2933 enatorem,
1451 2834 1508 2918 lo-

155 2966 339 3048 quentem
361 2941 572 3027 faciebam.
599 2971 713 3052 quem
743 2943 964 3053 dialogum,
992 2973 1079 3026 cum
1104 2942 1507 3048 dialogosplatonn,

114 3142 116 3148 ,
154 3076 195 3133 et
218 3055 417 3135 Ciceronis
444 3057 584 3133 iterum
604 3055 943 3159 legissem,amare
964 3082 1047 3136 non
1067 3051 1177 3133 valde
1204 3055 1338 3159 potuit
1365 3052 1509 3136 adulte-

155 3165 279 3241 rinum
308 3164 434 3264 potius
467 3161 546 3241 sum
580 3160 805 3261 arbitratus,
833 3189 899 3243 aut
924 3190 1077 3271 partum
1106 3187 1236 3241 meum
1266 3158 1508 3243 abortivum.r

155 3268 236 3349 Vbi
257 3295 399 3374 magno
435 3296 521 3350 cum
554 3276 671 3352 totius
694 3278 747 3354 rei
777 3271 911 3352 ublicae
936 3301 956 3351 a
986 3270 1110 3374 plausu
1134 3269 1363 3351 cardinalitia
1386 3272 1507 3378 digni-

157 3380 487 3483 tateNavagerius
508 3375 702 3484 infignitus
723 3297 1122 3478 eh,avunculus,qut
1142 3401 1208 3451 me
1229 3399 1383 3476 paterna
1406 3404 1509 3459 com

156 3482 391 3674 pledebamt
425 3488 613 3583 caritate,
648 3512 736 3569 anet
765 3489 822 3566 uti
852 3489 975 3593 coepit
996 3508 1129 3595 opera.
1146 3486 1183 3564 in
1211 3479 1328 3563 literis
1356 3486 1507 3567 conscri-

185 3594 310 3676 endis.
340 3622 403 3676 me
427 3594 684 3694 hortabatur,
711 3621 755 3677 ut
779 3596 949 3680 Romam
986 3598 1222 3699 cogitarem,
1248 3590 1295 3672 ab
1320 3593 1408 3700 ipso·
1426 3622 1505 3677 uon
1598 3691 1606 3695 ,

154 3704 605 3811 discederem-,quantum
630 3705 707 3813 ipse
733 3704 1007 3801 arbitrabatur,
1033 3703 1235 3811 benignam
1260 3726 1423 3783 matrem
1447 3728 1510 3782 me

154 3839 406 3921 experturum
427 3815 621 3917 Romam,
645 3839 685 3894 et
706 3812 905 3897 fautricem
929 3819 1067 3920 ingenii
1089 3818 1200 3911 mei,
1228 3836 1270 3892 ut
1310 3812 1388 3922 ipse
1415 3812 1525 3893 dice

155 3925 259 4006 bat.
297 3928 382 4031 Ego
420 3922 487 4004 etst
517 3923 725 4006 incredibili
760 3953 845 4008 cum
875 3927 987 4005 animi
1017 3927 1092 4003 mei
1110 3922 1322 4030 solupme
1348 3919 1509 4031 philolo
1600 4012 1605 4021 K

149 4033 287 4145 phiam
312 4032 523 4134 docebam,
550 4034 715 4142 aliquam
738 4039 853 4117 etiam
879 4033 979 4144 apud
999 4030 1171 4115 homines
1195 4029 1510 4115 existimationem

152 4144 305 4228 sueram
338 4147 593 4245 consecutus,
621 4143 670 4224 ab
698 4144 870 4230 avunusli
907 4168 1035 4226 tamen
1060 4142 1185 4224 latere
1212 4139 1403 4224 discedere
1428 4169 1505 4227 nou

152 4279 370 4365 poteram.
399 4282 531 4339 amore
562 4255 720 4339 tandem
753 4261 792 4339 in
826 4255 1079 4349 avunculum,
1107 4246 1304 4346 affinium,
1335 4275 1384 4332 et.
1402 4278 1506 4334 meo·

154 4392 267 4464 rum,
284 4366 431 4449 loannis
453 4373 490 4450 in
513 4370 642 4474 primis
664 4363 811 4478 Aloyfii
833 4365 957 4447 fratris
979 4363 1054 4442 mei
1075 4355 1252 4471 precibus
1271 4356 1502 4459 vidut‚Ro

153 4502 262 4557 mam
285 4480 395 4584 veni,
426 4481 564 4587 quain
585 4475 680 4564 urbe
705 4500 847 4561 annum
872 4473 955 4558 sere
974 4475 1164 4582 integrum
1192 4494 1300 4579 paene
1319 4469 1440 4659 sapui,
1465 4490 1507 4547 ut

1371 4601 1425 4655 ClS
1437 4626 1452 4675 2
