4028 5710
511 492 895 623 elegantioribus
942 495 1252 631 disciplinis,
1300 501 1363 603 ab
1397 530 1460 601 eo
1505 524 1727 635 tempore
1762 530 1870 632 quo

512 631 743 764 primum
777 627 959 735 detersa
1006 634 1272 755 barbarie,
1311 666 1457 771 caput
1493 628 1649 737 rursus
1686 639 1873 763 attolle-

516 794 597 888 re,
632 793 776 899 atque
800 771 855 869 in
892 770 1055 905 pretio
1091 769 1183 872 effe·
1220 805 1446 906 coepere,
1481 802 1640 904 neque
1682 772 1873 902 magni-

510 901 740 1007 ficentius
775 902 1067 1041 hospitium·
1087 908 1273 1027 ullum,
1298 916 1481 1041 'neque
1521 907 1763 1040 amplior'a
1799 905 1871 1011 us-

512 1070 669 1169 quam
703 1049 938 1173 praemia,
972 1074 1124 1175 quam
1159 1045 1291 1178 apud
1327 1041 1649 1151 Ventrem
1681 1042 1872 1147 Nout-

510 1203 835 1296 err‘rtn,
869 1174 1098 1312 patuisse.
1152 1181 1216 1280 Et
1252 1176 1360 1281 sane
1395 1179 1570 1283 divina
1604 1178 1874 1316 providen-

513 1308 586 1447 tia
616 1304 1167 1439 faslum·a1·bitror',2ut
1191 1350 1306 1450 quae
1328 1314 1456 1439 Vrbs
1480 1316 1732 1419 Senatores
1764 1351 1871 1447 gra-

513 1445 778 1569 vilsrmos,
813 1449 1030 1575 invidos
1068 1451 1179 1573 belli
1219 1453 1423 1574 Duces,
1471 1450 1725 1570 Antistites
1761 1453 1871 1553 reli-

510 1583 694 1713 gione,
729 1590 948 1721 vitaeque
982 1590 1266 1689 innocentia
1302 1590 1575 1717 singulari,
1610 1602 1778 1715 parere
1798 1602 1870 1688 'ac

511 1717 722 1853 eduoare
756 1722 1105 1841 consuevisset,
1139 1758 1195 1823 ea
1229 1725 1286 1824 in
1312 1722 1460 1822 Vrbe.
1489 1721 1709 1854 praclari
1742 1756 1869 1856 quo

512 1887 608 1987 que
643 1855 911 1978 Historici,
945 1887 995 1958 et
1032 1860 1267 1961 Oratores
1302 1859 1656 1994 provenirent,
1692 1864 1780 1991 qni
1806 1860 1872 1960 ci-

511 1991 659 2094 vium
694 1989 903 2097 suorum
939 1995 1150 2100 virtutes
1184 2023 1238 2094 er
1264 1995 1607 2130 'pulcherrima
1651 1989 1871 2098 facinora

511 2128 749 2232 omnibus
785 2132 1078 2266 eloquentiae
1113 2131 1308 2234 viribus
1332 2220 1336 2227 .
1356 2133 1684 2250 celebrarent,
1721 2162 1869 2264 atque

513 2265 770 2373 oblivioni
801 2266 1037 2402 surripere
1061 2269 1361 2369 niterentur.
1397 2267 1566 2368 Exteri
1593 2269 1729 2369 enim
1760 2266 1871 2370 scri-

509 2432 707 2536 ptores,
733 2438 851 2508 cum
874 2435 946 2504 res
983 2406 1165 2507 alienas
1201 2405 1353 2507 literis
1388 2406 1624 2509 mandare
1652 2404 1869 2510 institue·
2001 2434 2003 2504 1

510 2568 657 2658 runt,
681 2543 844 2643 multa
872 2542 1161 2676 plerumque
1188 2540 1385 2645 filentio
1415 2569 1730 2676 praetereunt,
1756 2576 1867 2676 quae

510 2672 600 2806 ipss
635 2672 807 2776 minus
841 2673 1081 2809 perspesla
1117 2677 1324 2793 habent,
1361 2706 1445 2774 aut
1478 2685 1531 2778 in
1556 2677 1735 2807 quibus
1762 2712 1870 2779 nar-

511 2809 677 2909 randis
714 2811 876 2910 nullus
922 2802 1189 2908 ‘maledido
1223 2811 1358 2910 locus
1405 2808 1510 2936 esl3
1547 2836 1595 2907 et
1643 2813 1870 2940 quaedam

510 2945 677 3046 verbis
714 2972 1009 3065 extenuant,
1045 2975 1267 3080 quorum
1294 2946 1594 3075 magnitudo
1628 2977 1683 3044 ac
1719 2943 1870 3079 splen-

512 3079 607 3182 dor
639 3085 1013 3184 malevolorum
1040 3082 1211 3183 oculos
1238 3081 1619 3214 quodammodo
1647 3084 1870 3216 perstrin

509 3218 612 3352 git3
646 3245 696 3315 et
721 3221 961 3321 nonnulla
995 3219 1212 3352 denique
1248 3218 1465 3353 pejorem
1494 3220 1768 3353 importem
1794 3223 1866 3320 in-

510 3355 852 3486 terpretando,
874 3353 1140 3458 illustrium
1172 3357 1403 3459 virorum
1438 3355 1669 3483 laudibus
1700 3358 1865 3484 gravi-

512 3520 585 3590 ter
619 3489 923 3610 obtrenant,
947 3490 1101 3624 iisque
1137 3520 1310 3592 notam
1343 3482 1664 3625 turpitudinis
1697 3491 1866 3593 callide

512 3628 709 3727 inurere
746 3655 1023 3728 conantur.
1069 3625 1251 3759 Neque
1287 3659 1489 3744 contra,
1522 3629 1575 3725 in
1612 3627 1764 3725 libera
1799 3660 1868 3727 re-

512 3761 712 3896 publica
747 3761 1074 3864 metuendum
1109 3762 1211 3879 est,
1262 3796 1321 3862 ne
1359 3763 1449 3895 qui
1488 3758 1704 3894 ejusdem
1740 3763 1865 3865 civi-

510 3898 623 4001 tatis
657 3896 888 3999 homines
922 3898 1189 3999 laudandos
1224 3895 1513 4031 suscipiunt,
1546 3894 1650 4029 spe,
1680 3900 1864 4028 gratia,

513 4036 736 4140 amicitia
771 4032 933 4151 dudi,
963 4033 1192 4135 modum
1228 4034 1281 4134 in
1317 4032 1561 4136 laudando
1598 4068 1700 4134 non
1733 4036 1866 4139 adhi-

513 4175 690 4302 beant3
726 4173 933 4306 plurimi
968 4171 1108 4271 enim
1143 4169 1282 4271 testes
1317 4171 1525 4288 adsunt,
1560 4171 1613 4271 in
1650 4204 1868 4305 quorum

512 4303 772 4440 conspeetu
821 4310 927 4412 vita
976 4308 1080 4441 ejus
1127 4307 1216 4440 qui
1261 4309 1573 4425 celebratur,
1622 4337 1729 4409 tota
1774 4306 1870 4407 fere

511 4443 615 4550 ada
649 4443 754 4576 est3
803 4445 864 4545 ad
898 4441 1291 4575 redarguendum
1326 4441 1510 4544 scilicet
1552 4441 1870 4578 paratisfimi,

1710 4580 1801 4680 ubi
