4028 5710
587 427 646 510 30
737 384 833 482 ‘Da
877 379 1231 479 Cava-tous
1278 375 1672 477 Anurssuon

510 562 548 639 in
580 584 623 638 re
658 581 734 637 tam
771 549 951 635 honesta:
976 546 1100 656 scripsi
1124 543 1294 628 homilias
1317 545 1510 653 plusquam
1541 572 1720 642 centum,
1750 546 1884 632 minut

511 691 625 774 quam
647 665 828 746 mediocri
856 660 1019 744 adhibita
1045 658 1275 766 diligentia-3
1313 680 1471 773 quarum
1512 656 1644 761 aliquae
1679 653 1771 738 mihi
1811 658 1882 740 ali-

510 777 659 880 quando
681 772 849 883 probata
871 774 985 853 sunt.
1017 769 1101 849 illas
1132 792 1265 848 omnes
1287 792 1401 848 tanum
1436 772 1474 847 in
1498 764 1677 846 volumen
1703 767 1881 851 redasias

511 886 691 966 Federico
713 882 909 965 Cardinali
936 879 1373 982 Borromaeo,pietatis,
1391 899 1431 954 et
1458 902 1611 957 morum
1638 876 1879 961 sanditlimo·

510 1019 620 1091 rum,
646 989 920 1075 existimationis
943 984 1231 1093 etiam,quibus
1256 984 1420 1067 Carolus
1447 983 1873 1091 excelluerat,beredi;

510 1125 624 1208 quem
653 1107 786 1199 unice,
813 1102 966 1194 urstis,
993 1101 1138 1205 dilig0,
1161 1097 1320 1177 donavi.
1343 1099 1377 1174 in
1402 1094 1480 1175 illas
1514 1120 1557 1175 tu
1586 1095 1805 1203 copiosam,
1833 1124 1879 1180 et

511 1211 728 1314 elegantem
761 1210 970 1292 admodum
1005 1206 1264 1316 praesatiouem
1307 1201 1568 1310 conscripfisli.
1609 1207 1712 1287 Cum
1742 1231 1874 1290 autem

510 1317 793 1401 belloTurcico
814 1316 1011 1399 infeliciter
1026 1313 1179 1401 Nicosra
1206 1305 1485 1417 capsafuisset,
1501 1319 1537 1395 in
1552 1319 1871 1422 tyrannicamque

514 1427 618 1509 illam
654 1428 838 1511 ditionem
873 1425 1131 1507 miserabiliter
1157 1415 1339 1505 incidisset
1358 1477 1372 1519 ,
1390 1447 1434 1503 ut
1459 1422 1674 1531 Philippum
1697 1428 1871 1511 Maceni-

512 1564 599 1619 cum
639 1536 736 1620 illius
768 1541 924 1618 civitatis
958 1534 1277 1643 archiepiscopum
1311 1529 1559 1632 consolarer,
1584 1532 1720 1615 librum
1748 1533 1872 1643 scripsi

512 1647 561 1727 de
581 1644 706 1728 amilla
728 1645 908 1742 Nicofia,
935 1650 972 1726 in
1011 1670 1088 1750 quo
1113 1645 1233 1724 multa
1263 1643 1313 1722 de
1336 1641 1572 1748 providentia
1607 1646 1685 1726 Dei
1719 1648 1757 1725 in
1796 1673 1872 1726 me-

513 1755 626 1836 dium.
644 1754 782 1855 attuli,
828 1784 866 1837 et
887 1754 1010 1837 verbis
1033 1755 1202 1862 plurimis
1225 1754 1389 1831 amicum
1410 1777 1579 1833 veterem
1603 1751 1785 1834 consolari
1808 1782 1870 1836 co-

511 1866 748 1949 natussum.
776 1865 974 1974 Saepiffime
1000 1891 1020 1943 a
1042 1861 1239 1944 scledum
1265 1851 1370 1940 fuisse
1399 1859 1489 1941 illud
1515 1860 1738 1970 opusculum
1764 1892 1870 1946 com-

511 1972 752 2055 memorabat
777 1973 1109 2082 archiepiscopus,
1138 1996 1178 2050 et
1204 1973 1372 2049 maximo
1394 1975 1430 2051 in
1452 1971 1519 2052 suo
1547 1997 1722 2055 moerore
1745 1973 1782 2054 se
1798 1975 1872 2056 val·

511 2082 563 2163 de
583 2109 800 2166 recreatum
823 2085 923 2164 esse:
952 2108 1025 2187 qua
1053 2078 1313 2162 testificatione
1334 2077 1470 2162 sadum
1491 2076 1571 2177 est,
1597 2105 1639 2161 ut
1662 2080 1751 2164 mihi
1778 2084 1869 2165 sem-

509 2217 581 2301 per
605 2194 713 2279 ialde
733 2192 938 2295 jucundum
962 2190 1076 2271 suerit
1097 2191 1188 2270 illud
1212 2186 1486 2295 conscripsisse.
1512 2191 1682 2296 quaedam
1709 2191 1871 2276 arbitror

517 2328 582 2381 me
612 2301 776 2385 sumsisse
808 2330 857 2381 ex
883 2300 947 2382 illa
972 2302 1146 2381 oratione
1173 2323 1284 2404 qtram
1306 2296 1448 2378 lansius
1472 2302 1685 2407 Gregorius
1711 2304 1874 2386 Nazian-

513 2416 630 2493 zenu's
651 2410 783 2492 habuit
808 2415 848 2492 io
871 2411 1022 2521 plagam
1050 2408 1240 2513 grandinis
1262 2441 1273 2508 3
1313 2433 1397 2514 quae
1421 2410 1550 2490 omnia
1586 2409 1663 2491 huc'
1684 2411 1870 2520 spcslant,

513 2545 556 2599 ut
577 2521 758 2601 verissrma
783 2519 999 2602 ostendatur
1026 2518 1087 2599 illa
1110 2519 1316 2598 sententia:
1345 2516 1427 2597 fieri
1450 2522 1575 2600 omnia
1603 2546 1668 2602 aut
1689 2518 1869 2624 jubente,

513 2652 578 2706 aut
600 2635 843 2734 permittente
865 2632 954 2710 Deo
978 2628 1026 2707 ad
1052 2626 1155 2707 orbis
1182 2653 1292 2706 terrae
1319 2627 1542 2725 utilitatem,
1569 2652 1795 2738 quamquam
1819 2631 1868 2711 s-

515 2762 579 2814 cus
602 2734 711 2816 uobis
731 2736 938 2816 videatur.
977 2739 1091 2816 Anno
1113 2761 1239 2816 autem
1277 2734 1479 2816 sansliffimi
1500 2736 1635 2817 lubilaei
1670 2766 1760 2821 cum
1794 2740 1869 2826 Ro

513 2871 618 2923 mam
646 2845 853 2940 venissem,
881 2870 920 2924 et
952 2840 1200 2925 ecclefiasticae
1226 2841 1422 2950 disciplinae
1448 2851 1719 2925 incrementum
1751 2848 1869 2929 essem

509 2954 743 3052 admiratus,
765 2980 804 3036 et
829 2958 978 3062 piorum
1002 2952 1201 3034 hominum
1227 2952 1532 3058 multitudinum
1560 2950 1764 3036 delesiatt'ts
1788 2958 1869 3037 sum

514 3063 819 3160 incredibiliter,
848 3090 934 3143 cum
972 3067 1149 3171 Gregorii
1174 3064 1270 3144 Xlll.
1307 3065 1488 3145 summam
1524 3069 1748 3172 gravitatem
1780 3092 1867 3148 cum

514 3174 725 3255 admirabili
746 3170 980 3255 humanitate
1004 3170 1274 3276 conjusdam,
1300 3171 1450 3279 ejusque
1482 3174 1573 3280 juris
1608 3180 1776 3257 canonici
1808 3203 1866 3256 ex·

516 3281 718 3364 cellensem
741 3287 1023 3388 cognitionem,
1051 3308 1091 3362 et
1114 3286 1290 3363 eximiam
1318 3288 1358 3362 in
1391 3308 1578 3393 pauperes
1603 3284 1865 3367 liberalitatem

515 3390 697 3475 celebrari
719 3392 767 3474 ab
787 3393 961 3475 omnibus
982 3392 1260 3501 percepissem,
1285 3391 1509 3499 suissemque
1538 3392 1585 3475 ab
1610 3394 1749 3477 eodem
1776 3399 1867 3476 Gre-

514 3504 662 3610 gorio,
689 3527 729 3586 et
757 3532 779 3585 a
822 3504 1087 3587 Cardinalibus
1113 3530 1189 3586 non
1227 3509 1356 3612 paucis
1383 3501 1642 3586 humanissime
1670 3505 1867 3588 tradatur.

517 3612 620 3694 Cum
640 3614 774 3720 viginti
800 3635 949 3693 tautum
987 3615 1066 3694 dies
1093 3613 1226 3697 Romae
1252 3612 1434 3709 fuissem,
1461 3614 1657 3697 Veronam
1685 3615 1800 3710 redii,
1826 3638 1864 3690 et

515 3726 553 3801 in
580 3720 706 3800 reditu
737 3721 874 3828 optimi
899 3721 1108 3804 Cardinalis
1129 3719 1291 3801 sormam
1319 3722 1494 3803 delineari
1518 3779 1532 3819 ,
1558 3729 1712 3806 Antonii
1737 3717 1866 3804 Caras-

515 3829 563 3910 sae
600 3827 807 3939 amplissimi
844 3830 1057 3912 Cardinalis
1089 3830 1275 3930 hortatu,
1302 3856 1417 3936 quem
1453 3832 1621 3914 libellum
1663 3831 1866 3941 legendum

515 3941 645 4046 paucis
685 3939 845 4038 tradidi,
872 3967 944 4020 nec
980 3942 1135 4051 probavi
1164 3967 1344 4048 umquam
1379 3942 1511 4024 valde.
1545 3941 1617 4023 suit
1651 3969 1773 4052 nuper
1801 3965 1867 4023 tuo

518 4047 670 4132 consilio
699 4049 822 4132 editus
856 4078 1043 4132 unacum
1083 4046 1253 4162 Episcopo
1275 4110 1289 4150 ,
1316 4077 1355 4134 et
1381 4049 1459 4134 vita
1494 4052 1704 4136 Cardinalis
1731 4055 1868 4135 Borto

517 4164 626 4256 maei,
653 4162 701 4242 de
725 4187 811 4270 qua.
827 4161 892 4244 suo
917 4162 1004 4244 loco
1027 4162 1182 4244 sortasse
1210 4163 1347 4270 aliquid
1372 4161 1517 4243 dicam.

574 4292 637 4370 37·
663 4271 758 4353 Non
810 4272 951 4354 multos
986 4271 1071 4377 post
1103 4273 1247 4353 menses
1286 4269 1482 4381 postquam
1512 4276 1709 4356 Veronam
1742 4270 1870 4366 redii,

517 4373 734 4483 pestilentiae
756 4381 960 4489 suspicione
983 4383 1196 4464 laboratum
1220 4379 1296 4464 est.
1321 4388 1494 4490 graviora
1517 4382 1769 4464 existimabam
1794 4406 1869 4486 ego

520 4483 687 4568 remedia
728 4511 810 4595 qua
827 4489 1135 4594 adhibebantur,
1156 4515 1271 4598 quam
1294 4492 1401 4575 illum
1427 4496 1546 4605 ipsum
1573 4493 1754 4591 morbum
1763 4527 1778 4593 3
1805 4515 1868 4609 no

573 4640 611 4677 t·
1245 4627 1248 4633 '
1626 4620 1629 4627 ’
1721 4625 1811 4680 men
