4028 5710
405 364 491 471 Iu
548 369 913 473 Enrunrs
973 367 1283 478 Lruurs.
1407 420 1464 495 ι,

152 539 360 630 ridebatur
379 539 529 627 facere.
560 549 589 626 ir
618 530 707 624 cum
733 536 1050 651 praeclariffimum
1075 572 1095 625 a
1120 568 1253 629 natura
1279 543 1444 629 dui'risrer
1468 551 1528 631 iu.⁸

148 658 345 765 genium,
358 652 405 737 ad
427 653 685 762 eloquentiam
710 651 909 739 videbatur
931 677 1060 737 nature
1077 655 1259 739 scribebat
1279 654 1393 740 latine
1415 685 1524 769 egre.

147 813 159 835 a
193 769 253 862 ie,
281 790 321 848 et
344 764 464 849 soluta
488 769 664 847 oratione
686 815 701 858 ‚
726 786 768 844 et
790 769 979 847 carmine.
1005 790 1170 874 rogante
1192 792 1257 847 me
1281 767 1360 870 ejus
1385 791 1522 874 patre,

160 793 340 959 hortatus
362 878 445 957 sum
467 872 575 955 illum
599 870 729 953 libello
750 872 833 957 satir
856 874 1015 984 longo,
1041 899 1086 957 ut
1114 899 1225 956 more
1250 876 1435 979 majorum
1459 906 1524 961 no·

160 980 324 1069 litorum
347 984 524 1066 Venetiis
559 975 696 1064 caussas
731 1008 901 1092 ageret,
929 983 1032 1090 quod
1065 981 1323 1069 honorificum
1349 985 1428 1065 esre
1453 988 1519 1069 de-

159 1092 387 1179 monstravi:
416 1089 618 1173 nonnullos
643 1119 665 1172 e
686 1092 851 1195 nostris,
882 1096 947 1200 qui
970 1096 1160 1204 principes
1181 1091 1321 1177 deinde
1340 1091 1519 1206 suerunt,

146 1203 234 1285 -illo
259 1208 299 1284 in
329 1227 490 1283 munere
520 1199 627 1283 fuisse
651 1205 854 1303 versatos,
879 1229 918 1287 et
944 1208 1216 1313 patrimonium
1243 1204 1353 1287 suum
1377 1205 1519 1290 aurire

160 1314 485 1392 commemoravi.
513 1314 554 1394 ln
577 1339 626 1394 eo
649 1311 782 1398 libello
808 1320 907 1399 viret
927 1317 1283 1422 quantulaecumque
1308 1315 1390 1396 sant
1412 1317 1516 1423 inge-

148 1422 217 1498 atii
244 1423 321 1500 mei
344 1416 544 1503 effundere
581 1427 870 1507 conatus-sum.
907 1423 981 1505 fuit
1001 1425 1068 1508 ille
1102 1425 1239 1507 deinde
1263 1427 1440 1530 egregius
1467 1428 1518 1507 se·

159 1550 273 1610 nator
302 1530 468 1612 Veronae
501 1554 676 1639 praetor,
703 1533 795 1613 dum
833 1534 911 1638 ipse
934 1532 1050 1614 essem
1078 1534 1300 1640 episcopua,
1327 1557 1415 1612 cum
1440 1533 1515 1613 col-

154 1636 289 1746 legam
330 1636 490 1722 haberer
513 1636 716 1748 Aloysrurn
741 1643 1003 1725 Cartarenum
1029 1638 1133 1745 (qui
1164 1645 1202 1724 in
1224 1639 1402 1723 omnibus
1422 1636 1512 1722 mthi

144 1746 346 1857 obsequiis
369 1748 582 1856 praestandis
603 1749 800 1835 certabant
822 1754 984 1835 invicem
1006 1757 1103 1857 ):et
1126 1777 1199 1862 pro
1219 1751 1413 1858 republica
1433 1753 1511 1858 By-

155 1863 269 1941 zantii
292 1858 390 1939 ariri
413 1886 577 1942 munere
597 1859 784 1971 fungens,
812 1860 1063 1971 superioribus
1099 1866 1205 1946 annis
1232 1860 1286 1945 eil
1312 1885 1510 1965 mortuus5

153 1971 241 2066 vir,
267 1972 332 2076 qui
370 1967 610 2079 amplissimos
639 1999 780 2054 omnes
803 1969 1037 2081 magistratus
1059 1974 1098 2053 in
1118 1970 1310 2082 republica
1330 1969 1440 2054 facile
1460 1972 1511 2053 es

149 2075 212 2159 set
235 2079 477 2185 consecutum
505 2080 554 2161 ad
579 2104 696 2187 quem
716 2086 829 2165 eriam
850 2081 988 2193 paullo
1009 2107 1096 2164 ante
1118 2080 1289 2163 libellum
1312 2083 1361 2164 de
1381 2082 1514 2164 conh-

153 2184 327 2287 latione,
354 2213 470 2297 quem
508 2194 548 2271 iu
587 2186 713 2272 fratris
740 2216 858 2298 quem
884 2196 997 2274 unice
1034 2189 1242 2301 diligebat,
1259 2214 1396 2271 morte
1419 2214 1511 2271 con·

152 2297 397 2409 scripseram,
424 2299 619 2382 miseram.
645 2303 697 2384 Et
716 2301 799 2382 lulii
819 2301 979 2392 Guir'lae,
1008 2305 1074 2404 qui
1098 2326 1202 2381 nuuc
1223 2296 1279 2382 esl
1302 2300 1509 2380 canonicae

152 2404 411 2506 Veronensis,
439 2406 511 2487 illis
541 2406 628 2517 ipsu
661 2406 897 2516 temporibus
921 2405 1173 2486 familiaritate
1203 2409 1286 2484 sum
1313 2409 1431 2502 ustis,
1460 2405 1510 2486 arl

152 2539 270 2621 quem
303 2515 527 2623 opusculum
560 2516 683 2598 nescio
718 2515 823 2619 quod
850 2512 1101 2622 scripseram,
1126 2537 1209 2620 quo
1230 2510 1387 2594 videbar
1419 2512 1511 2616 juria

151 2625 308 2720 civilis,
335 2647 375 2703 et
403 2628 570 2705 canonici
602 2620 765 2705 studium
828 2618 1046 2811 hilososshiae
1077 2619 1204 2706 studiis
1232 2618 1441 2704 anteferre.
1467 2646 1510 2705 et

151 2732 253 2840 saepe
282 2734 362 2815 sum
387 2738 563 2830 miratus,
586 2759 675 2815 cum
699 2736 737 2816 in
771 2648 942 2842 philosop
975 2733 1006 2812 'a
1029 2756 1137 2816 tanto
1158 2729 1305 2829 slurlio,
1331 2757 1373 2813 er
1399 2753 1508 2814 tanta

145 2862 238 2924 ‘cum
263 2842 459 2952 voluptate
492 2844 694 2941 versarer,
721 2843 825 2951 quod
860 2843 951 2950 juris
976 2843 1131 2941 civilia,
1159 2868 1200 2924 et
1238 2843 1412 2924 canonici·
1432 2836 1504 2925 slai-

142 2950 255 3035 alium
282 2951 411 3035 studiis
432 2958 523 3034 meis
544 2950 773 3036 anteferrem
796 3010 806 3033 .
833 2956 944 3062 nugis
970 2951 1225 3058 quorumdam
1255 2946 1502 3059 philosopho·

149 3088 262 3159 tum,
289 3086 329 3142 et
366 3064 524 3167 argutiis
546 3062 669 3142 nescio
692 3060 826 3166 quibus
851 3062 1065 3144 mitandum
1089 3066 1126 3142 in
1149 3058 1310 3140 modum
1332 3053 1506 3139 offende-

145 3167 291 3267 ·bar,et
314 3164 591 3275 philosophiam
614 3194 682 3249 me
703 3167 958 3276 amplexatum
981 3169 1058 3250 osse
1078 3169 1270 3250 interdum
1292 3169 1504 3275 poenittrir5

149 3300 408 3383 quamquam,
433 3298 477 3356 ut
510 3275 604 3382 sape
629 3305 679 3359 ex
703 3276 859 3385 publico
886 3276 977 3358 loco
1010 3276 1087 3354 dixi
1114 3331 1129 3371 ,
1153 3275 1388 3384 philosophia
1417 3298 1503 3386 quae
1652 3301 1661 3318 ·

147 3409 246 3464 -vere
269 3382 504 3494 philosophia
525 3383 579 3465 cll
601 3385 791 3488 putanda,
816 3381 870 3464 est
895 3381 1210 3474 benedisiorum‚
1228 3405 1271 3457 er
1293 3381 1506 3464 benefaslo

150 3518 237 3572 rum
270 3518 415 3592 mater,
443 3516 483 3572 et
514 3487 713 3598 magistra.
752 3491 829 3573 Sed
853 3519 930 3574 non
961 3491 1156 3570 immerito
1184 3490 1301 3568 inania
1327 3490 1499 3593 quaedam

149 3596 389 3711 philosophia
411 3607 449 3685 in
472 3604 649 3684 invidiam
685 3597 844 3683 addusia
864 3598 939 3697 ell,
963 3603 1051 3705 quia
1077 3599 1251 3705 plerique
1279 3594 1500 3707 philosophi

147 3733 378 3790 camurana
400 3702 733 3819 arrogantioribus
747 3706 860 3818 stis,
881 3730 919 3789 et
934 3705 1048 3816 stulti
1061 3708 1166 3817 fiebili
1179 3703 1274 3813 fitne
1298 3761 1313 3805 ,
1340 3730 1383 3787 ut
1408 3731 1503 3816 apo·

147 3816 288 3902 llolicir
312 3846 464 3903 uramur
486 3819 632 3903 verbis'.
1481 3872 1487 3879 -

147 3958 267 4123 elib?
275 3932 398 4123 berall]
416 3927 1505 4151 ξὲἑὲξιᾶῃέῖαειοὶξιξυῆᾙῖξᾶ,ῗιῗῐίἰῐίῖιαὶιᾞεἮξῑείξέῗωωῗέ
1611 4128 1614 4135 ,

139 4155 241 4279 ciis3
266 4177 354 4278 cum
388 4175 475 4278 aare
490 4263 498 4279 ι
513 4150 657 4256 aliquot
679 4178 797 4278 annor
830 4148 1023 4279 legissem·
1038 4145 1289 4276 enchiridium
1310 4140 1498 4276 'EpisleriJ

138 4256 868 4485 atramentarium
891 4254 1500 4474 aralrrtlrmlra

137 4504 316 4562 externas
354 4478 649 4566 contemnendas
687 4476 890 4565 erudiebar
913 4480 1058 4675 aggai
1085 4500 1174 4559 cum
1203 4472 1495 4666 lestioumm
