4028 5710
623 380 687 472 '24
754 341 849 442 Drt
894 328 1249 446 civ-riona
1295 337 1681 438 doutnnuon

552 517 663 602 'nibus
683 511 931 599 vehementer
955 513 1171 599 oblectabar
1193 573 1203 595 .
1229 515 1305 595 Sed
1331 511 1508 595 absoluto
1535 506 1715 595 Concilio
1739 506 1922 604 Trident

550 633 634 713 tino
655 654 785 724 ,cum
821 627 1034 710 cardinalis
1073 625 1313 731 Navagerius
1342 622 1538 707 Veronam
1565 618 1762 718 venisset,
1792 624 1905 731 cujus

602 738 808 847 iscopatum
834 740 925 819 Pius
951 740 1123 842 Quartus
1143 732 1221 832 illi,
1237 757 1436 842 antequam
1461 760 1512 815 ex
1534 728 1645 814 Vrbe
1665 729 1905 841 discederet,

543 872 549 899 ¹
577 849 733 943 ederat,
747 846 1030 954 'mansissetque
1048 838 1217 927 Veronae
1239 843 1385 951 aliquot
1409 842 1589 940 meriste,
1617 842 1832 950 podagra,
1859 873 1904 930 et

542 951 750 1039 oculorum
770 958 910 1047 morbo
936 974 1113 1053 vexator,
1136 982 1159 1036 a
1185 954 1258 1035 Pio
1293 958 1406 1037 etiam
1439 954 1595 1061 Quarto
1626 952 1763 1036 Rornae
1788 956 1903 1040 valde

546 1090 768 1177 exoptatus,
795 1071 946 1177 rogavit
968 1066 1148 1167 eumdem
1168 1065 1277 1145 Pium
1301 1063 1411 1146 de-se
1439 1068 1585 1170 optime
1617 1067 1826 1163 meritum,
1853 1092 1901 1151 ut

544 1201 609 1257 me
631 1176 711 1279 ejus
739 1179 778 1256 in
809 1177 939 1258 locum
971 1176 1186 1286 episcopum
1208 1172 1393 1257 sufficeret
1414 1225 1428 1254 ·.
1470 1175 1540 1254 Me
1560 1171 1687 1253 eidem
1716 1172 1897 1259 Pontifici

544 1283 694 1365 senatus
715 1288 1069 1381 commendaveram
1080 1284 1311 1394 publicisque
1334 1280 1552 1365 testimoniis
1573 1307 1797 1365 ornaverat.
1826 1288 1897 1370 Me

543 1392 634 1473 Pius
656 1394 824 1478 Veronae
847 1397 1071 1505 episcopum
1093 1393 1379 1492 creavitnssnm
1406 1398 1445 1475 in
1468 1396 1599 1502 primis
1621 1387 1808 1475 hortante
1822 1398 1896 1480 Ca·

541 1500 633 1583 rolo
652 1504 855 1589 cardinale
892 1506 973 1613 ejus
998 1506 1135 1587 sororis
1168 1504 1283 1599 filio,
1324 1503 1626 1611 dispensavitque·
1649 1501 1822 1585 Pontifex
1848 1532 1895 1587 ut

542 1619 713 1717 quamvis
732 1613 796 1695 sex
816 1612 958 1699 menses
983 1613 1194 1696 clericalem
1208 1610 1390 1694 'habiturn
1426 1638 1503 1695 non
1526 1608 1787 1719 gestaveram,
1812 1619 1894 1722 epi-

543 1721 676 1831 scopus
698 1744 835 1808 'tamen
872 1726 1030 1808 fierem.
1070 1725 1145 1806 Sed
1174 1725 1342 1807 mlranda
1371 1734 1453 1804 res!
1481 1745 1596 1828 quam
1620 1719 1715 1831 saepe
1736 1750 1890 1807 mecum

541 1830 741 1939 diligenter
767 1834 997 1918 consideravi
1028 1838 1104 1918 Dei
1140 1833 1333 1941 suspiciens
1367 1834 1678 1944 providentiam
1708 1855 1790 1938 quo
1826 1832 1891 1917 die

541 1943 695 2022 nuntius
721 1942 917 2027 Veronam
943 1944 1074 2025 allatus
1096 1940 1171 2040 est,
1199 1970 1262 2024 me
1283 1944 1501 2050 episcopum
1529 1946 1567 2023 in
1590 1938 1806 2027 consistorio
1832 1944 1885 2025 fa-

540 2045 669 2147 stum,
695 2054 901 2136 avunculus
921 2080 1031 2135 meus
1051 2050 1268 2151 obiit,cum
1292 2048 1521 2150 haedere,
1549 2076 1663 2159 quam
1689 2050 1887 2140 vehemen-

538 2182 600 2238 ter
627 2185 895 2273 exoptaverat,
923 2165 1065 2246 certior
1085 2161 1170 2243 fieri
1201 2164 1354 2249 minime
1390 2165 1583 2270 potuerit.
1625 2160 1748 2269 Cujus
1776 2162 1885 2246 obitu

534 2291 646 2377 tanto
667 2298 843 2357 moerore
865 2271 1058 2357 confodias
1079 2274 1279 2369 sum,tot,
1300 2296 1340 2352 et
1361 2296 1473 2353 tantae
1495 2296 1543 2353 ex
1561 2270 1684 2353 oculis
1711 2275 1807 2356 meis
1833 2271 1884 2356 ef-

538 2371 728 2465 fluxerunt
748 2382 989 2482 lacrimae,ut
1008 2380 1091 2491 post
1112 2408 1312 2492 parentum
1332 2379 1482 2463 obitum
1506 2378 1598 2464 nihil
1620 2378 1713 2464 milti
1737 2381 1882 2482 trillius,

536 2487 628 2569 nihil
649 2492 754 2596 quod
775 2497 940 2576 animum
962 2520 1093 2576 meum
1122 2497 1245 2600 magis
1268 2495 1544 2588 commoverit,
1571 2489 1668 2573 milti
1694 2514 1875 2597 umquam

538 2600 720 2678 acciderit
744 2657 755 2680 .
793 2605 968 2710 Accepto
988 2602 1187 2710 gravissimi
1215 2601 1339 2683 morbi
1362 2606 1493 2683 nuntio
1515 2601 1688 2684 Veneriis
1707 2600 1842 2684 discessi
1859 2660 1881 2700 ‚

537 2730 582 2785 ut
604 2705 819 2787 clauderem
843 2713 920 2816 ipse
940 2711 1074 2791 oculos
1098 2710 1148 2790 de
1173 2737 1237 2791 me
1258 2714 1405 2817 optime
1428 2712 1569 2792 merito
1593 2710 1879 2816 avuncttloased

536 2817 638 2923 apud
661 2815 976 2903 Montemfortem
992 2814 1206 2901 Veronensi
1227 2819 1456 2929 episcopatui
1477 2816 1885 2929 subjesitrm,demor.'

535 2927 768 3015 ¹cenantium
789 2932 944 3037 accepi.
967 2928 1149 3012 Venetias
1169 2927 1290 3025 redii,
1311 2933 1400 3036 quia
1423 2929 1590 3011 nondum
1612 2926 1878 3033 pontificiali·

535 3057 628 3117 terae
647 3033 796 3118 fuerant
816 3038 1020 3149 expeditam
1036 3063 1077 3119 et
1103 3034 1188 3147 post
1211 3039 1377 3121 mensem
1397 3067 1515 3120 unum
1537 3036 1638 3120 nulla
1662 3062 1806 3148 pompa
1826 3067 1878 3121 etr

534 3145 762 3251 improviso,
788 3154 936 3231 nemine
964 3150 1012 3229 de
1039 3175 1130 3228 rtteo
1158 3147 1323 3229 adventu
1351 3155 1570 3257 cogitante,
1594 3150 1790 3230 Veronam
1811 3142 1881 3230 vel

532 3253 596 3333 ui.
623 3255 815 3362 Exceptus
841 3256 895 3338 sui
917 3256 1054 3339 deinde
1086 3285 1109 3337 a
1132 3256 1265 3355 clero,
1293 3282 1334 3337 ot
1364 3258 1411 3339 ab
1434 3259 1596 3339 universa
1623 3263 1773 3340 civitate
1801 3258 1874 3338 val-

531 3359 583 3441 de
603 3359 839 3466 honorifice,
866 3392 910 3450 ut
940 3368 1146 3474 Navagerii
1171 3367 1307 3449 sororis
1332 3365 1466 3465 filius,
1491 3391 1530 3449 et
1565 3364 1684 3449 homo
1705 3372 1777 3474 qui
1799 3366 1874 3449 Vess

529 3471 744 3554 roncnsrum
766 3475 1036 3559 nonnullorum
1055 3475 1305 3560 familiaritate
1324 3481 1363 3560 in
1384 3479 1564 3561 Patauino
1589 3474 1812 3589 gymnasio,
1832 3500 1875 3559 et

530 3576 609 3662 aliis
634 3585 673 3664 in
686 3583 786 3664 'locis
805 3582 952 3663 fueram
974 3589 1080 3666 usus.
1104 3614 1108 3618 ·

591 3718 651 3796 30.
678 3696 792 3774 Anno
812 3689 1009 3774 millesimo
1033 3697 1335 3801 quingentefimo
1367 3695 1595 3807 sexagesimo
1623 3701 1752 3806 qt'tinto
1774 3693 1869 3776 XV.

528 3801 619 3883 Kal.
640 3799 720 3880 Iulii
741 3801 940 3883 Veronam
962 3806 1046 3884 veni
1069 3806 1289 3918 episcopus.
1315 3809 1356 3890 In
1381 3806 1553 3918 legendis
1573 3808 1781 3894 sandorum
1804 3830 1870 3913 pa·

529 3932 633 3994 trum
654 3907 793 4009 libris,
832 3912 1035 4019 prasertim
1057 3941 1191 3999 eorum
1214 3918 1447 4001 sermonibus
1469 3975 1483 4017 ‚
1507 3946 1552 4001 ut
1574 3918 1789 4002 facultatem
1814 3916 1870 3997 di-

525 4025 641 4104 cendi
663 4017 754 4102 mihi
777 4049 1063 4133 compararem,
1090 4030 1253 4111 versatus
1277 4029 1357 4109 som
1383 4029 1656 4137 diligentissime
1678 4023 1868 4136 prioribus

525 4130 646 4215 tribus
668 4133 902 4248 episcopatus
925 4137 1001 4217 mei
1024 4141 1150 4236 annis,
1169 4138 1303 4248 legens
1323 4135 1511 4243 plurima,
1536 4163 1654 4247 pauca
1681 4137 1866 4235 scribent,

526 4236 766 4345 pastoralibus
793 4249 956 4353 negotiis
979 4246 1130 4328 deditus
1153 4248 1299 4344 valde,
1320 4249 1466 4331 loannis
1490 4246 1662 4333 Matthaei
1691 4245 1867 4343 cibati,

524 4351 585 4427 cui
607 4345 690 4455 poll
712 4353 855 4458 aliquos
875 4355 1071 4469 episcopos
1102 4358 1370 4455 successeram,
1392 4359 1585 4469 exemplar
1609 4355 1703 4440 milri
1724 4380 1865 4466 propo

517 4460 859 4550 »tenementum
881 4497 892 4549 r
920 4465 1028 4555 illum
1051 4468 1226 4582 admirari
1253 4522 1268 4571 ,
1304 4490 1343 4555 et
1366 4473 1537 4556 matrimit
1559 4468 1733 4555 laudibus
1758 4492 1868 4550 nurn-

1688 4602 1804 4690 quarn
