4028 5710
590 390 652 448 20
737 341 833 444 Dr
875 340 1231 442 Cnvrrour.
1267 333 1654 437 Anusueunn

518 516 693 602 mentarii
716 514 812 597 illius
835 512 1015 625 opuscula
1040 509 1212 619 quaedam
1235 505 1511 617 conjungebam
1533 503 1709 597 Senecaei
1734 504 1894 621 specio-

519 627 566 711 sis
586 626 656 711 illis
681 626 869 708 sententiis
902 624 1072 705 alebatur
1109 623 1304 729 ingenium
1329 644 1492 702 meum.
1521 621 1631 727 Qsid
1659 625 1745 704 vis?
1772 628 1891 735 cogi-

519 741 597 821 tavi
631 760 713 818 tum
755 738 956 817 maxime:
986 731 1184 840 aggressus
1215 730 1294 809 sum
1324 729 1484 812 scribere
1523 732 1572 813 de
1598 731 1892 834 consolatione,

520 876 599 930 non
632 845 683 928 de
731 843 987 927 consolatione
1021 836 1223 937 ecclesiae,
1263 835 1369 941 cujus
1404 842 1717 923 commentarium
1749 846 1889 950 proxi-

519 961 592 1037 mis
618 951 805 1036 mensibus
831 949 957 1064 scripsi
982 1009 997 1048 ,
1025 950 1088 1032 sed
1123 950 1172 1030 de
1201 946 1453 1030 consolatione
1479 953 1517 1032 in
1543 973 1788 1059 quocumque
1819 980 1889 1035 ca-

521 1069 559 1148 su
574 1093 623 1162 ,e
647 1061 910 1173 philosophia,
933 1090 1011 1144 non
1033 1089 1056 1143 e
1080 1056 1297 1164 theologia,
1312 1058 1439 1143 sumtis
1461 1060 1664 1143 remediis.
1692 1089 1888 1170 magnum

520 1198 648 1284 opus,
674 1174 715 1253 in
746 1195 824 1278 quo
853 1172 997 1273 aliquot
1022 1168 1166 1252 menses
1188 1167 1322 1251 deinde
1347 1167 1512 1251 versatus
1537 1170 1617 1252 sum
1653 1170 1889 1280 diligentissi-

521 1310 611 1386 me,
646 1280 695 1363 de
717 1285 860 1363 virtute
886 1281 1074 1386 plurima,
1094 1282 1131 1360 in
1155 1279 1285 1384 primis
1306 1274 1355 1357 de
1382 1276 1612 1380 constantia,
1640 1281 1688 1363 de
1710 1307 1887 1364 contem-

523 1418 567 1474 tu
590 1416 721 1473 terum
754 1414 1026 1487 externarum,
1053 1389 1104 1470 de
1126 1384 1240 1494 hujus
1261 1390 1348 1469 vitae
1380 1387 1558 1485 miseriis,
1587 1390 1637 1472 de
1671 1394 1784 1474 animi
1812 1394 1886 1471 im·

522 1500 780 1595 mortalitate,
809 1500 860 1583 de
880 1503 958 1583 Dei
981 1497 1218 1607 providentia
1242 1497 1347 1579 attuli
1369 1498 1680 1608 quamplurima,
1708 1525 1748 1581 et
1768 1526 1890 1582 orna·

522 1613 599 1693 tius
625 1637 736 1717 quam
762 1610 848 1690 fieri
872 1635 894 1689 a
918 1636 981 1690 me
1004 1606 1363 1717 potuit,explicare
1386 1633 1545 1689 conatus
1568 1609 1676 1709 sum,
1697 1610 1804 1693 locos
1826 1607 1882 1691 as-

523 1718 648 1802 serens
673 1720 721 1801 ad
747 1718 1014 1803 consolandum
1038 1722 1078 1798 in
1102 1716 1210 1799 obitu
1238 1740 1462 1823 parentum,
1488 1717 1692 1817 filiorum,
1722 1745 1763 1802 et
1788 1722 1884 1801 ami·

522 1856 698 1925 corum,
739 1831 777 1910 in
801 1830 994 1938 corporali
1032 1829 1280 1935 aegritudine,
1305 1830 1343 1908 in
1373 1825 1552 1933 repulsis,
1579 1833 1618 1910 in
1639 1828 1882 1940 perferendis

514 1937 739 2035 calumniis,
765 1962 805 2019 et
832 1942 871 2020 in
907 1937 1204 2045 quibuscumque
1234 1935 1347 2020 rebus
1376 1934 1561 2019 adversis.
1591 1937 1875 2046 attuleramque

521 2044 698 2157 exempla
723 2075 800 2130 uon
825 2072 944 2154 pauca
968 2077 990 2131 a
1011 2047 1251 2130 Venetorum
1273 2046 1443 2130 desumus
1463 2044 1623 2130 historiis
1646 2084 1657 2153 3
1684 2046 1787 2156 quast
1814 2077 1879 2131 ve·

522 2183 572 2237 ro
596 2157 719 2239 audax
741 2156 915 2238 Venetus
941 2158 1140 2239 Ciceronis
1171 2157 1220 2237 de
1242 2154 1498 2240 consolatione
1533 2156 1701 2255 librum,
1727 2162 1794 2268 qui
1818 2158 1883 2242 de·

523 2261 709 2353 sideratur
733 2323 748 2365 ,
773 2289 959 2348 renovare
994 2265 1205 2375 sperarem.
1244 2266 1317 2347 Sed
1339 2267 1611 2374 interpretandi
1633 2294 1793 2351 munere
1818 2295 1882 2353 oc·

525 2400 708 2483 cupatur,
733 2399 775 2458 et
795 2376 880 2457 aliis
903 2375 1088 2484 opusculis
1113 2374 1314 2458 scribendis
1336 2373 1660 2486 disttaslus,opus
1684 2378 1776 2459 illud
1798 2405 1880 2461 non

523 2481 690 2580 absolvi,
717 2487 823 2588 quod
849 2511 928 2567 tarn
956 2485 1103 2567 ardenti
1128 2489 1254 2569 animo
1279 2485 1532 2596 susceperam.

516 2640 520 2647 ·
585 2616 648 2689 25.
676 2593 779 2675 Rem
800 2594 1012 2674 mirabilem
1040 2593 1194 2692 audies,
1222 2593 1344 2693 Silvi,
1370 2619 1410 2677 et
1437 2586 1588 2677 sortasse
1611 2595 1780 2679 ridebis.
1810 2597 1879 2683 illo

522 2697 607 2807 ipso
632 2723 832 2807 tempore,
861 2701 952 2782 dum
975 2705 1168 2809 ingenium
1195 2701 1360 2785 ferveret
1385 2732 1539 2802 meum,
1566 2702 1728 2785 sessione
1750 2715 1884 2811 posta

526 2832 618 2891 rum
648 2806 918 2893 incredibiliter
952 2807 1191 2892 delesiabar.
1220 2812 1327 2893 ausus
1355 2815 1432 2896 sum
1461 2812 1689 2921 tragoediam
1713 2813 1881 2901 scribere

521 2916 658 3024 ⁴lingua
678 2916 800 3001 italica
814 2951 823 3002 ε
837 2917 1008 3025 legeram
1033 2922 1241 3029 tragoedias
1263 2921 1407 3028 aliquot
1420 2920 1615 3028 Sophoclis
1631 2944 1697 3014 ,et
1719 2925 1885 3007 nonnul·

521 3025 578 3109 las
596 3026 806 3135 Euripidis.
834 3030 1046 3138 Imperator
1058 3030 1273 3113 Turcarum
1297 3035 1594 3141 primogenitum
1618 3027 1724 3110 suum
1744 3031 1900 3119 Musta‘

523 3134 603 3219 sam
629 3135 877 3242 jugulandum
904 3139 1024 3242 jusfit,
1049 3164 1090 3219 et
1111 3138 1289 3223 facinoris
1312 3140 1524 3245 hujusmodi
1549 3140 1657 3219 illum
1679 3146 1879 3246 poenituit.

526 3244 648 3330 Venit
669 3240 762 3325 milti
786 3253 1006 3331 intuentem
1031 3274 1222 3360 praecepta
1235 3248 1445 3333 Aristotelis
1466 3257 1503 3332 in
1529 3253 1715 3330 memoria
1740 3246 1878 3334 haben

523 3356 613 3437 tiin
650 3352 753 3436 libro
789 3357 838 3439 de
861 3384 942 3441 arte
967 3364 1120 3469 postica
1144 3362 1313 3459 tradita,
1351 3359 1585 3443 conscribere
1616 3361 1878 3467 tragoediam.

526 3462 671 3547 choros
702 3462 887 3550 faciebam
923 3470 1147 3577 graviffimas
1173 3473 1370 3555 sententias
1393 3467 1666 3579 proferentes,
1693 3492 1733 3548 et
1753 3466 1876 3555 ferme

525 3598 761 3685 perannum
787 3602 907 3657 unum
944 3578 1107 3681 aliquam
1135 3582 1208 3663 diei
1232 3607 1380 3689 partein
1405 3586 1441 3661 in
1479 3577 1688 3680 hujusmodi
1713 3578 1877 3685 scriptio

523 3713 575 3767 ne
601 3681 806 3765 consumss.
847 3685 922 3766 Sed
947 3688 987 3763 in
1009 3686 1110 3781 nulla
1129 3690 1330 3796 scriptione
1352 3716 1439 3771 mea
1463 3689 1690 3769 severiorem
1711 3712 1775 3764 me
1799 3684 1879 3768 suis

524 3796 561 3877 se
585 3794 742 3872 memini
766 3828 778 3896 3
807 3820 896 3875 nam
919 3821 1006 3874 cum
1029 3822 1129 3904 opus
1153 3828 1231 3882 non
1254 3800 1416 3881 feliciter
1442 3798 1625 3906 progredi
1653 3793 1880 3900 arbitrarer5

524 3925 759 4012 quamquam
781 3902 954 3989 nonnulli
978 3907 1129 4013 pondus
1155 3910 1495 4005 sententiarum,et
1511 3912 1880 4013 gravitatemrerum

526 4039 621 4118 quas
649 4007 883 4114 afferebam,
907 4015 1082 4097 admirari
1106 4019 1350 4117 viderentur,
1368 4020 1521 4123 paginas
1545 4015 1682 4097 multas
1704 4040 1797 4121 quas
1821 4016 1881 4098 de-

522 4122 751 4206 lineaveram
769 4128 831 4225 ,in
858 4129 989 4235 ignem
1013 4129 1171 4233 ipsemet
1195 4127 1327 4232 injeci,
1358 4125 1463 4228 cujus
1483 4152 1577 4206 meoe
1598 4124 1826 4221 severitatis,
1853 4120 1881 4203 st

526 4231 582 4310 vis
610 4228 727 4315 libere
747 4237 896 4334 dicam,
922 4236 1112 4319 interdum
1145 4264 1210 4318 me
1234 4238 1442 4341 poenituit.
1485 4238 1525 4315 Si
1553 4261 1574 4313 a
1601 4238 1733 4342 primis
1757 4232 1881 4315 adole-

418 4404 425 4411 ,
526 4336 673 4418 scentiae
695 4370 789 4424 meae
818 4350 1196 4456 annis,quantopere
1219 4340 1517 4439 carminibus,et
1542 4341 1689 4424 muficis
1714 4342 1882 4424 cantibus

527 4447 667 4554 genius
694 4449 904 4562 desedetur
930 4484 1038 4539 meus
1059 4513 1074 4560 ,
1099 4443 1386 4567 perspexissem,
1413 4449 1602 4539 dislraslus
1628 4454 1713 4536 sane
1731 4453 1884 4643 lsiluissem

1772 4590 1830 4643 ats-
