4028 5710
392 380 468 487 Iu
523 380 884 489 anuors
942 386 1253 499 Lttttss.
1370 438 1428 513 29

149 556 216 640 bus
234 554 362 641 verbis
374 593 386 663 3
400 558 503 665 quod
522 558 746 667 opusculum
767 561 958 642 interdum
981 564 1053 668 piis
1071 565 1158 644 viris
1172 619 1186 659 ,
1199 568 1239 644 er'
1258 558 1350 644 mihi
1377 568 1490 659 etiam

144 668 288 778 placuit
312 725 323 750 .
361 671 465 752 Cum
489 672 629 748 iterum
662 668 923 751 Mediolanum
946 671 1162 767 venissem,
1189 666 1318 780 paucis
1342 670 1492 772 verbis,

145 802 187 859 et
211 798 390 885 magnam
409 781 488 861 vim
523 772 747 857 habentibus
770 775 943 861 hortatus
968 806 1032 858 me
1052 778 1105 862 est
1131 780 1233 861 idem
1258 779 1492 877 Cardinalis,

122 911 192 967 ·ut
212 891 431 998 episcopum
455 885 705 982 delineatem,
732 891 823 970 vivit
844 892 973 999 potius
1000 886 1189 969 coloribus
1215 893 1493 993 exprimerem,

146 1024 193 1078 ex
214 997 326 1081 sansli
348 993 470 1076 Paulli
495 991 656 1098 epistolis
679 995 852 1079 desumtit
867 999 1059 1079 sententiis
1077 997 1123 1079 ad
1145 1021 1281 1075 munus
1305 994 1491 1104 pastorale
1557 1012 1566 1024 ’

144 1103 443 1215 pertinentibus.
481 1100 613 1210 legisse
642 1103 678 1187 se
703 1106 854 1187 dicebat
882 1130 968 1213 quae
1001 1103 1110 1189 sandi
1145 1130 1293 1213 patres,
1322 1105 1491 1216 Chryso·

146 1213 292 1298 stomus
326 1213 375 1292 de
417 1211 655 1313 sacerdotio,
681 1218 945 1298 Nazianzenus
978 1220 1017 1297 in
1046 1244 1065 1297 a
1094 1216 1288 1324 ologetico
1310 1271 1326 1313 ,
1350 1215 1493 1298 hosius

150 1323 365 1428 Gregorius
391 1324 429 1403 in
448 1318 621 1429 pallorali
641 1328 744 1421 suo,
772 1325 912 1407 sandius
934 1241 1162 1434 Augullinur
1184 1328 1223 1404 in
1242 1322 1428 1432 epistolis,
1451 1348 1491 1406 et

149 1430 230 1512 aliis
252 1434 290 1510 in
312 1429 405 1510 locis
427 1430 834 1543 scripserunt3oprare
855 1436 891 1515 se
913 1435 960 1515 ad
987 1435 1221 1517 excitandam
1242 1434 1488 1515 devotionem

147 1542 187 1619 in
209 1535 416 1646 palloribus
440 1548 672 1639 animarum,
692 1570 739 1621 ex
769 1542 878 1625 sansli
898 1544 1019 1624 Paulli
1053 1549 1092 1623 in
1120 1544 1247 1647 primis
1273 1541 1491 1646 gravissimis

147 1649 333 1731 sententiis
356 1650 568 1760 expressam
595 1653 727 1733 videre
748 1654 933 1761 optimam
958 1651 1122 1760 episcopi
1148 1648 1345 1732 sormam:
1383 1676 1502 1734 ame·

145 1754 306 1866 ptaellati
333 1758 371 1839 id
401 1759 534 1865 posse.
574 1761 798 1867 Episcopum
822 1762 897 1869 ipse
920 1762 1096 1869 depinxi,
1125 1784 1190 1840 aut
1218 1760 1397 1855 delineavi
1423 1785 1489 1866 po

144 1870 244 1964 tius,
271 1892 359 1947 cum
383 1869 585 1976 diligenter
608 1867 780 1978 epistolas
806 1870 917 1954 sandi
937 1871 1059 1954 Paulli
1079 1867 1345 1981 perlegissem,
1365 1894 1405 1949 er
1427 1896 1488 1949 an-

145 2000 187 2057 te
213 1974 348 2058 oculos
375 1972 558 2058 haberem
582 1977 688 2059 illum
724 1982 843 2087 ipsum
872 1982 918 2063 ad
946 2005 1062 2088 quem
1098 1979 1236 2062 librum
1264 1978 1499 2081 mittebam,

146 2086 432 2169 Borromaeum.
461 2089 610 2169 Hiemis
632 2114 807 2196 tempore
832 2121 918 2174 cum
941 2092 1160 2201 longiffimae
1193 2091 1316 2171 essent
1336 2089 1494 2185 nostes,

144 2193 257 2278 nodie
293 2195 417 2277 media
446 2196 591 2279 duabus
614 2197 862 2282 hebdomadis
893 2200 1058 2283 sormam
1092 2198 1246 2306 palloris
1280 2196 1490 2290 delineari,

146 2304 282 2389 distavi
305 2309 434 2412 potius
456 2307 773 2410 delineationem,
812 2335 928 2415 quam
950 2338 1037 2388 cum
1061 2308 1110 2385 ad
1132 2308 1398 2386 Borromaeum
1427 2306 1491 2382 mi·

34 2410 38 2421 '
145 2410 311 2509 srssem,
352 2415 568 2495 mirandum
602 2420 640 2495 in
665 2417 825 2495 modum
860 2416 963 2494 illam
998 2414 1212 2521 probavit,
1247 2411 1416 2512 jussitque
1448 2435 1502 2490 ut·

151 2526 434 2629 quamprimum
458 2522 645 2603 edendam
668 2522 770 2602 illam
791 2519 988 2604 Galelinus
1015 2526 1073 2603 vir
1096 2519 1265 2601 eruditus
1286 2516 1428 2612 valde,
1450 2542 1491 2599 et

145 2634 185 2712 in
223 2626 463 2712 ecclesiastica
492 2627 644 2713 hilloria
676 2629 881 2712 admodum
900 2631 1087 2728 versatus,
1108 2651 1279 2713 curaret.
1311 2627 1492 2735 ignosce,

145 2739 266 2837 Silvi,
288 2736 536 2824 imbecillitati
557 2767 673 2836 meae,
688 2764 728 2822 et
753 2767 839 2823 meo
860 2746 899 2823 in
920 2739 1012 2823 illud
1032 2740 1255 2848 opusculum
1277 2740 1421 2820 amori.
1447 2762 1491 2818 ut

142 2874 272 2960 patres
293 2877 316 2930 e
341 2848 430 2931 filiis
451 2878 566 2937 unum
588 2878 675 2935 natu
696 2850 792 2960 saepe
813 2855 1013 2934 minimum
1045 2850 1207 2958 diligunt
1228 2850 1350 2953 magis
1375 2872 1490 2953 quam

145 2985 333 3056 ceteros,
369 2961 423 3040 ita
452 2988 529 3068 ego
550 2961 723 3044 libellum
746 2961 854 3041 illum
881 2963 997 3070 ipsum
1032 2986 1108 3067 prae
1144 2961 1278 3039 ceteris
1305 2957 1491 3062 opusculis

143 3074 242 3151 meis
264 3064 442 3150 omnibus
463 3076 584 3150 amavi
609 3106 621 3170 3
647 3070 754 3149 illurn
776 3069 963 3150 meditans
993 3068 1184 3150 interdum
1216 3066 1298 3146 sum
1322 3062 1493 3145 lacrima·

144 3201 229 3259 tuse
257 3201 390 3255 revera
411 3174 502 3254 mihi
530 3177 755 3282 porillimum
782 3175 928 3281 scripsi,
955 3207 1019 3259 me
1041 3175 1236 3270 accusavi,
1265 3200 1329 3252 me
1349 3176 1490 3256 acriter

146 3281 400 3392 reprehendi,
427 3310 489 3362 me
515 3292 696 3382 excitavi,
721 3313 787 3364 me
811 3282 997 3380 instruxi,
1022 3285 1219 3363 materiam
1249 3285 1401 3385 lugendi
1425 3285 1491 3362 mi-

148 3389 190 3471 hi
216 3397 380 3500 paravi,
423 3395 509 3495 quia
544 3392 591 3470 ab
624 3392 687 3471 illa
719 3390 843 3471 forma
870 3413 986 3494 quam
1012 3388 1136 3471 effinxi
1157 3441 1172 3481 ,
1197 3385 1403 3492 longissime
1431 3389 1493 3469 ab'

147 3501 255 3598 sum,
282 3504 369 3604 quia
390 3525 467 3582 non
487 3500 567 3581 sum
595 3499 757 3605 quiesse
786 3497 992 3595 deberem,
1019 3499 1105 3603 quia
1133 3490 1208 3574 fine
1234 3491 1357 3576 sruuu
1379 3525 1494 3582 annos

147 3610 291 3692 multos
311 3607 501 3707 laboravi,
532 3614 618 3717 quia
640 3628 728 3690 anre
753 3606 914 3690 tribunal
936 3611 1087 3716 magni,
1124 3627 1164 3685 er
1189 3601 1378 3686 tremendi
1403 3608 1494 3709 judi-

148 3723 203 3801 cis
239 3746 375 3802 vereor
406 3748 455 3801 ne
486 3747 594 3801 meus
627 3717 692 3799 hic
728 3717 879 3801 libellus
912 3724 1046 3800 acriter
1071 3744 1131 3797 me
1152 3716 1319 3814 accuset,
1356 3738 1494 3820 quem,

149 3855 239 3910 cum
268 3826 365 3911 hanc
389 3854 542 3938 partem
568 3829 695 3937 longae
717 3855 812 3910 meae
833 3824 996 3936 epistolae
1019 3827 1066 3907 ad
1095 3820 1246 3923 te,srve
1267 3820 1406 3924 libelli,
1432 3848 1496 3906 aut

146 3939 340 4048 opusculi,
363 3939 657 4047 perscriberem,
682 3938 812 4020 denuo
834 3938 1033 4044 diligenter
1054 3936 1153 4043 legi.

206 4055 271 4155 36.
298 4049 517 4157 Rogaverat
541 4046 788 4144 Carolus,de
810 4072 888 4156 quo
909 4047 982 4154 jam
1002 4048 1098 4154 sape
1122 4044 1496 4142 dixi,Borromaeus,

146 4181 191 4238 ut
211 4157 385 4242 homilias
412 4158 683 4241 conscriberem
711 4157 845 4241 breves
867 4159 913 4239 ad
939 4156 1046 4239 ulum
1074 4150 1328 4263 parochorum
1351 4156 1495 4238 dioeces

146 4262 194 4351 fis
215 4265 532 4367 Mediolanenlis,
557 4266 730 4351 adhibito
762 4268 831 4350 illo
862 4268 996 4350 ordine
1023 4289 1137 4370 quem
1162 4265 1254 4342 ritus
1280 4262 1494 4348 Ambrosia·

147 4403 217 4457 nus
239 4379 378 4461 multos
399 4378 475 4487 jam
499 4406 615 4461 annos
639 4375 806 4461 adhibuit
827 4381 867 4458 in
898 4373 1097 4456 recitandis
1121 4371 1360 4479 evangeliis.
1394 4378 1493 4460 Non

148 4484 383 4598 denegasiem
404 4493 473 4603 pio
494 4487 684 4577 Cardinali
705 4544 719 4591 ,
748 4513 800 4571 et
822 4487 873 4572 de
894 4512 960 4570 me
980 4487 1143 4568 maxime
1177 4486 1316 4569 merito
1336 4481 1493 4606 obsequi

1399 4615 1442 4677 lu
