4028 5710
627 390 686 469 34
764 340 857 442 Da
904 341 1256 442 Cnvrtoun
1306 333 1688 438 Annruurrnn

542 523 551 540 ‘
580 513 609 598 fi
631 544 654 596 a
681 514 808 595 senatu
834 514 967 596 tradita
988 512 1143 595 fitisset:
1163 509 1280 594 libelli
1305 512 1386 592 sum
1420 508 1547 617 potius
1571 504 1654 602 illi,
1677 526 1795 613 quam
1816 506 1901 613 epi-

537 544 669 722 dolie,
694 621 829 726 quibus
851 647 1031 728 quantum
1070 626 1199 730 patriae
1241 618 1447 701 debeamus
1471 612 1676 697 ostenditur
1700 669 1715 712 ,
1742 617 1804 698 cui
1827 614 1900 721 qul

535 737 668 829 savit,
694 735 781 815 Deo
801 732 937 814 servire
962 734 1114 813 videtur
1137 769 1149 838 3
1180 756 1267 811 cum
1302 734 1341 810 in
1367 730 1530 810 Venetae
1555 722 1773 832 reipublicae
1806 751 1899 809 cun·

535 847 745 926 servatione
765 868 841 923 non
866 846 1065 921 minimum
1109 865 1373 923 ormmentum
1403 832 1621 946 reipublicae
1655 839 1770 915 etiam
1800 830 1899 915 chri.

534 950 656 1057 slianae
678 947 789 1030 litum
810 945 885 1032 elle
908 950 1112 1032 videatur.
1140 952 1245 1031 Huic
1270 945 1356 1059 poll
1381 945 1578 1030 villoriam
1607 943 1812 1052 adeptam,
1838 969 1899 1026 to-

536 1068 610 1143 tius
635 1063 832 1141 maritimae
855 1058 970 1141 claffis
998 1062 1200 1167 imperium
1226 1088 1247 1140 a
1279 1055 1477 1167 republica
1503 1054 1683 1133 traditum
1710 1050 1795 1134 esta
1821 1049 1897 1135 filit

535 1175 653 1251 etiam
678 1170 825 1271 aliquot
848 1164 932 1277 post
959 1194 1076 1249 annos
1097 1166 1208 1251 sandi
1234 1170 1358 1248 Marci
1381 1188 1609 1273 procurator
1625 1187 1807 1263 creatum
1839 1166 1895 1246 ln·

535 1273 923 1388 geni050pibtu,usu
945 1303 1097 1368 rerum,
1111 1301 1151 1357 et
1174 1275 1303 1356 multia
1326 1273 1525 1357 uirtutibus
1546 1264 1697 1377 infignis
1716 1272 1891 1355 senator.

539 1450 543 1455 .
589 1412 657 1492 4¹·
685 1388 777 1467 Non
796 1389 951 1467 minima
973 1390 1072 1467 inter
1095 1385 1333 1466 Veronenses
1357 1385 1570 1465 sacerdotes
1606 1378 1732 1460 suerat
1758 1375 1889 1462 dillen-

534 1493 624 1591 sto,
650 1520 744 1577 uum
768 1493 835 1575 sub
862 1497 1019 1575 nomine
1039 1522 1130 1574 meo
1163 1495 1320 1575 edendae
1348 1491 1465 1574 ellent
1491 1486 1770 1573 mnssnumnes
1795 1489 1891 1574 cleri

532 1598 785 1689 Veronensis.
815 1602 1035 1685 dicebantur.
1054 1602 1176 1684 multa
1200 1606 1243 1681 iu
1264 1612 1465 1707 utramque
1486 1625 1634 1708 partem
1658 1658 1669 1679 .
1698 1601 1809 1705 aliqui
1833 1600 1888 1679 di·

533 1712 701 1805 cebant,
741 1711 1026 1795 constitutiones
1058 1738 1079 1793 a
1113 1714 1251 1792 loanne
1276 1710 1461 1793 Matthaeo
1494 1707 1692 1804 Giberro,
1720 1714 1783 1816 qui
1811 1735 1886 1790 ma

534 1849 609 1928 gna
637 1847 725 1900 cum
751 1820 861 1903 laude
883 1849 999 1902 annot
1035 1822 1220 1929 plurimos
1247 1818 1344 1900 hanc
1367 1814 1717 1914 rexitecclel'ram,
1743 1820 1884 1917 editas,

533 1932 610 2010 esse
639 1926 814 2035 probatas
848 1929 1021 2011 omuibus
1048 1964 1058 2012 ε
1086 1930 1233 2012 Giberri
1268 1956 1409 2010 nomen
1439 1928 1536 2010 libro
1573 1924 1880 2013 constitutionum

533 2043 733 2120 maximam
768 2038 1224 2123 addereausloritatem:
1251 2042 1405 2121 minime
1430 2042 1576 2119 necelre
1603 2030 1680 2118 else
1703 2091 1718 2131 ,
1742 2064 1787 2119 ut
1815 2038 1881 2121 sub

533 2176 622 2229 meo
640 2152 794 2233 nomine
816 2146 1098 2231 constitutiones
1122 2150 1482 2230 ederem.oruatius
1497 2146 1656 2255 quidem
1685 2146 1813 2245 scribi,
1841 2175 1884 2232 et

533 2259 595 2340 edi
626 2258 733 2367 posse
762 2255 1064 2356 constitutiones,
1090 2259 1153 2339 sed
1178 2252 1207 2337 fi
1230 2258 1421 2338 serventur
1456 2257 1531 2338 illae
1557 2277 1641 2361 quae
1663 2253 1711 2337 ab
1734 2257 1818 2363 ipso
1839 2259 1880 2341 il·

530 2367 571 2450 lo
593 2366 770 2476 episcopo
792 2369 901 2448 edire
921 2367 1100 2465 suerunt,
1124 2395 1200 2449 non
1222 2368 1298 2447 esse
1325 2393 1424 2475 opus
1445 2366 1548 2448 aliis.
1572 2364 1634 2445 alii
1659 2361 1878 2465 afferebant,

532 2504 552 2555 a
576 2478 753 2559 Concilio
780 2476 1006 2560 Tridentino
1029 2504 1175 2560 mutata
1196 2477 1272 2558 esre
1293 2476 1412 2556 multa
1435 2501 1518 2581 quae
1538 2475 1585 2555 ad
1609 2481 1778 2585 regimen
1805 2483 1878 2558 ani-

533 2611 679 2667 marum
708 2587 1133 2692 pertinenttexspesiati
1156 2618 1177 2668 a
1198 2615 1284 2684 me,
1303 2589 1366 2692 qui
1390 2587 1435 2667 ad
1458 2585 1564 2666 usum
1585 2586 1696 2691 hujus
1722 2585 1811 2667 cleri
1834 2586 1876 2669 li·

532 2691 622 2771 bros
644 2692 737 2771 alios
757 2694 1056 2800 conscripserim,
1069 2720 1112 2775 ut
1135 2694 1416 2776 constitutiones
1438 2699 1549 2775 etiam
1574 2695 1847 2778 conscriberem
1863 2757 1881 2780 a

531 2801 611 2906 lpse
637 2801 778 2885 librum
814 2801 973 2912 scripsi,
1006 2830 1073 2882 cur
1100 2800 1377 2887 constitutiones
1403 2831 1482 2887 nou
1507 2806 1721 2901 ediderim,
1748 2806 1878 2910 apulo

531 2914 633 3017 giam
658 2912 783 2992 nescio
810 2935 948 3018 quam,
975 2937 1049 3019 qua
1072 2912 1354 2993 multitudinem
1376 2911 1679 2996 constitutionum
1701 2915 1881 2999 nomval·

529 3021 579 3099 de
600 3021 736 3102 videor
759 3020 946 3129 probate.
975 3047 1018 3103 ut
1041 3020 1260 3130 multiplicia
1286 3051 1363 3103 non
1385 3021 1755 3132 ,probantur,immo
1778 3031 1874 3130 peri-

527 3125 651 3207 culosa
678 3155 855 3234 putantur
883 3134 1187 3227 medicamenta,
1213 3137 1263 3213 ita
1291 3161 1409 3213 novas
1433 3128 1711 3216 constitutiones
1739 3158 1873 3241 parum

527 3236 801 3333 utiles,n0xias
822 3247 948 3348 potius
972 3238 1225 3323 ecclesiasticae
1252 3243 1451 3351 disciplinae
1473 3269 1689 3351 putaveram
1706 3242 1879 3356 libellup

527 3344 595 3425 ille
619 3348 798 3452 probatus
825 3348 878 3432 eli
906 3353 1217 3462 quamplurimis,
1246 3352 1515 3457 antiquioribus
1543 3358 1579 3435 in
1601 3358 1729 3459 primis
1757 3355 1871 3436 sacer!

527 3455 701 3555 dotibus,
721 3464 784 3563 qui
807 3461 1040 3570 indisciplina
1062 3461 1212 3544 Giberri
1238 3465 1398 3558 eruditi,
1412 3459 1695 3547 constitutiones
1722 3462 1869 3574 abipso

523 3564 644 3645 editas
675 3566 919 3650 vehementer
952 3595 1102 3666 amant,
1130 3599 1169 3651 et
1201 3577 1367 3652 maximo
1389 3572 1526 3674 judicio
1554 3573 1803 3682 conscriptas,
1829 3596 1869 3655 et

523 3674 642 3755 editas
664 3676 911 3757 arbitrantur.
940 3679 1038 3775 Sed,
1061 3705 1153 3758 vere
1175 3706 1218 3760 ut
1246 3683 1389 3776 dicam,
1403 3679 1524 3763 adhuc
1545 3680 1677 3764 dubius
1698 3684 1773 3763 sum
1791 3680 1878 3763 val·-

523 3781 696 3881 de,num
720 3813 836 3865 novat
865 3787 1040 3895 expediat
1065 3789 1180 3870 edere
1203 3789 1504 3887 constitutiones,
1518 3818 1603 3873 cum
1618 3791 1760 3873 nullum
1773 3816 1863 3899 pro·

520 3892 676 3974 vinciale
704 3895 915 3979 Concilium
941 3896 1172 3980 celebratum
1197 3899 1239 3980 fit
1262 3902 1499 4008 episcopatus
1518 3907 1592 3983 mei
1613 3924 1866 4005 tempure,et

519 4001 798 4088 constitutiones
825 4008 1115 4113 provincialibus
1139 4012 1320 4091 Conciliis
1347 4013 1511 4089 maxime
1542 4015 1728 4092 nitantur.

573 4138 643 4211 42.
669 4120 783 4198 Anno
818 4113 1016 4198 millefimo
1052 4115 1354 4225 quingentesimo
1386 4117 1661 4225 septuagefimo
1683 4146 1788 4203 nono
1815 4121 1864 4201 ad

516 4225 744 4322 provinciam
768 4226 967 4325 Dalmariae
991 4224 1206 4308 visitandam
1230 4227 1358 4308 missus
1378 4228 1480 4309 sum:
1507 4234 1675 4334 sequenti
1703 4255 1803 4311 anno
1822 4234 1863 4315 iu

513 4322 729 4425 Histriam,
757 4336 894 4417 deinde
922 4339 1134 4431 Venetias,
1161 4333 1352 4443 postremo
1383 4337 1618 4432 Patavium,
1630 4363 1672 4422 et
1697 4342 1861 4425 Vinceia

508 4438 621 4520 tiam.
654 4435 854 4546 pastorales
883 4444 1080 4553 epistolas,
1109 4439 1354 4554 apostolicum
1384 4445 1476 4529 illud
1503 4445 1687 4535 scribendi
1711 4476 1864 4555 genus,

1696 4559 1804 4661 quod
