4028 5710
567 345 666 451 xiv
768 342 903 450 AD
969 336 1619 446 LECTOREM.

505 510 741 613 aimborum
753 586 769 632 ,
804 545 878 612 aut
901 518 1205 644 sintentiarum
1216 587 1232 632 ,
1252 515 1341 642 fied
1369 518 1613 610 narrationis
1640 510 1875 612 dumtaxat

507 687 644 747 rerum
682 688 711 747 a
748 657 833 746 BA
844 659 987 775 RRO
1003 665 1037 753 C
1052 663 1123 750 IO
1152 655 1399 787 gestarum,
1434 686 1515 780 qua
1549 654 1593 745 in
1624 652 1715 780 ipsa
1747 656 1874 745 couti-

509 819 651 902 netur,
685 794 884 884 ratimem
918 781 1164 889 lrabnimus.
1196 793 1380 883 Petimus
1413 792 1542 882 etiam
1575 781 1629 913 ab
1663 785 1748 914 istis
1793 794 1898 919 qui.

495 923 551 1047 se
586 928 858 1020 Ciceronianus
871 931 1116 1056 profitentur
1139 926 1160 1055 l
1179 918 1328 1052 dffitili
1348 924 1462 1047 siene
1486 925 1550 1018 ac·
1559 920 1780 1049 fhstidrofir
1797 958 1869 1055 ge-

506 1093 611 1154 nere
644 1053 866 1155 hominem.
877 1055 900 1183 s
926 1093 971 1157 nt
1008 1071 1044 1159 si
1077 1058 1168 1160 huic
1201 1061 1417 1155 ‘volumini
1446 1091 1620 1153 manum
1654 1057 1870 1158 admove-

506 1189 622 1308 rint,
648 1198 887 1326 passimque
919 1201 1153 1327 effinderint
1174 1234 1255 1331 qua
1288 1201 1388 1326 opsic
1415 1194 1668 1290 Tullianam
1701 1193 1870 1291 dicendi

494 1327 691 1453 formam
738 1337 872 1425 minus
916 1336 1064 1462 referre
1109 1334 1390 1446 videantur,
1438 1327 1703 1462 Scriptorilus
1755 1336 1865 1461 igno-

495 1465 649 1587 scere,
696 1468 956 1599 causamqae
986 1482 1031 1567 in
1075 1495 1263 1601 tempora
1309 1467 1489 1594 conftrre
1519 1464 1701 1563 velint.
1762 1473 1867 1564 Sunt

503 1609 616 1697 enim
649 1632 696 1695 ut
720 1600 888 1732 pillum
900 1677 916 1721 ,
951 1616 1015 1702 ita
1047 1604 1103 1737 qe)
1139 1607 1357 1737 eloquentie
1391 1604 1626 1698 rudimenta
1655 1601 1864 1736 quadam.

505 1738 872 1856 Quemadmodum
906 1781 1019 1841 vero
1045 1740 1217 1874 pillores
1250 1737 1311 1834 illi
1335 1744 1533 1872 quiante
1574 1737 1864 1872 Apollodorum

507 1865 793 1999 Atheniensem
811 1879 964 2002 ficere,
997 1885 1211 2009 Hyginum
1236 1906 1344 2008 puta
1356 1948 1373 1991 ,
1406 1877 1598 1991 Dinias,
1634 1869 1862 1992 Charmae,

512 2003 778 2123 Bularchus,
826 2008 883 2142 (r)
923 2012 1106 2146 plerique
1143 2012 1260 2128 alu,
1302 2011 1526 2145 longissimo
1563 2007 1798 2108 intervallo
1833 2048 1863 2106 a

507 2145 739 2264 Zeuxide,
775 2142 1030 2265 Timamlse,
1066 2144 1286 2246 Parrlrasio
1297 2219 1313 2265 ,
1349 2162 1590 2283 Protogene,
1617 2144 1764 2279 Apelle
1785 2148 1865 2271 su-

499 2288 638 2412 perati
657 2286 791 2411 sient,
813 2321 882 2380 uec
905 2319 1042 2381 tamen
1076 2323 1104 2381 a
1126 2290 1249 2413 struis
1270 2279 1499 2382 homiuibus
1532 2292 1745 2399 contemti,
1768 2317 1861 2378 cum

505 2426 664 2512 artium
697 2419 990 2517 invmtorilus
1022 2430 1158 2518 omnia
1193 2422 1448 2551 debeantur3
1484 2422 1697 2539 similiter,
1733 2416 1864 2515 dollos

504 2549 564 2679 ps
612 2552 824 2679 laboriofios
869 2565 997 2652 viros
1042 2565 1112 2690 qni
1153 2559 1307 2686 paullo
1341 2562 1434 2690 post
1480 2593 1644 2657 renatas
1682 2556 1863 2672 literas,

509 2695 649 2783 ‘viam
690 2693 920 2820 posteritati
969 2694 1034 2789 ad
1081 2702 1259 2786 ornatius
1302 2697 1515 2784 dicendum
1554 2697 1739 2820 exemplo
1783 2694 1864 2813 suo

510 2827 799 2954 monstravere
811 2899 826 2945 ,
861 2833 948 2955 riso
979 2822 1036 2956 ff
1067 2822 1348 2956 petulantibus
1367 2832 1474 2939 jocis
1506 2828 1712 2952 excipere,
1751 2860 1867 2919 arro-

430 3020 433 3025 <
502 2968 647 3092 gantia
682 2994 806 3096 atque
840 2967 1060 3094 impietatis
1094 2962 1150 3089 ssi
1184 2995 1261 3051 non
1286 2956 1485 3084 sermdp.
1519 2967 1622 3051 wore
1651 2953 1866 3087 diffitemur

507 3091 1642 3227 μιάνῃ,σΑΡΕιιΙΛΑΒῙυΕωΙΛ
1679 3104 1866 3193 Loro-

509 3237 554 3327 G
564 3240 593 3324 I
623 3238 834 3329 Orationes
857 3239 1031 3367 propius
1062 3268 1091 3326 a
1118 3227 1297 3363 persillo
1334 3231 1496 3327 dicendi
1532 3263 1673 3362 gemes
1709 3230 1864 3359 abeffc3

506 3402 672 3464 vnum
703 3366 815 3464 illud
844 3407 994 3504 quoque
1040 3363 1334 3498 affirmamus,
1381 3374 1426 3459 in
1463 3360 1525 3461 ln's
1558 3363 1739 3462 omnibus
1772 3365 1860 3461 illu-

503 3505 651 3624 slrium
682 3511 874 3600 Virorum
895 3512 1094 3630 seriatis,
1129 3516 1164 3596 si
1200 3515 1334 3600 tainus
1369 3506 1676 3597 Ciceronianam
1710 3502 1863 3634 elegan-

508 3649 616 3740 tiam
629 3714 644 3758 ,
657 3674 704 3736 at
727 3669 826 3733 certe
853 3643 1159 3731 Ciceronianam
1177 3714 1180 3721 .
1180 3641 1475 3765 sapientiam,
1503 3672 1581 3766 qap
1600 3667 1706 3766 pars
1729 3646 1863 3767 potior

509 3783 699 3875 orationis·
731 3776 788 3897 est
800 3842 815 3885 ,
843 3774 1080 3867 inveniri..
1095 3771 1225 3897 Quod
1253 3778 1289 3866 si
1315 3764 1543 3867 horridiora
1568 3810 1722 3905 quoque
1746 3776 1865 3902 efflent

511 3950 637 4046 quem
660 3912 764 4034 snm
775 3978 791 4022 ,
826 3939 967 4001 tamen
1001 3903 1048 4003 ol
1081 3914 1284 4002 virorum
1308 3912 1542 4035 principum
1574 3907 1717 4006 laudes
1762 3948 1865 4043 quas

509 4043 828 4179 complelluntur
837 4115 854 4158 ‚
889 4045 1124 4175 dignissima
1147 4044 1263 4170 essent
1292 4078 1369 4176 qup
1402 4041 1647 4173 legerentur3
1681 4077 1727 4140 ut
1767 4032 1867 4141 olim

510 4181 673 4281 Saliare
708 4190 912 4297 Carmen,
945 4213 1034 4275 tum
1067 4180 1208 4277 Livio·
1249 4180 1476 4276 Andronici
1490 4176 1595 4306 ,rs
1640 4185 1698 4301 Q.
1733 4190 1867 4280 Ennii
1932 4278 1934 4282 .

503 4326 747 4452 poimata,
795 4325 1010 4453 quamvis
1041 4326 1259 4433 incomta,
1295 4312 1543 4448 obscurisque
1576 4311 1729 4412 verbis
1763 4321 1867 4416 adeo

511 4456 696 4583 refsnta,
729 4487 776 4551 ut
810 4462 906 4550 vire
938 4452 1147 4554 interdum
1177 4450 1343 4587 intelligi
1371 4452 1564 4582 pcffint,
1610 4450 1870 4553 nibilominus

1601 4584 1803 4715 cdfirm·
